timestamp,bid,ask,volume
1609459200001825,4499.50,4500.00,12
1609459200003505,4499.50,4500.00,4
1609459200010418,4499.50,4499.50,13
1609459200020282,4499.00,4499.50,52
1609459200029211,4499.00,4499.50,16
1609459200029318,4499.50,4499.50,27
1609459200033871,4498.75,4499.75,20
1609459200035391,4499.00,4499.50,21
1609459200039725,4499.25,4499.75,38
1609459200045927,4499.00,4499.50,49
1609459200051853,4499.00,4499.50,2
1609459200055587,4499.00,4500.00,96
1609459200057242,4499.50,4499.50,89
1609459200059907,4499.50,4499.50,15
1609459200061077,4499.50,4499.50,65
1609459200063755,4499.50,4499.50,129
1609459200072881,4499.00,4499.50,73
1609459200073798,4499.00,4499.00,18
1609459200078185,4498.50,4499.00,41
1609459200083341,4498.50,4498.50,108
1609459200090859,4498.00,4498.50,68
1609459200099690,4497.75,4498.25,114
1609459200106234,4497.50,4498.50,7
1609459200114320,4497.50,4498.00,5
1609459200116942,4498.00,4498.00,3
1609459200123195,4498.00,4498.00,14
1609459200132260,4498.00,4498.50,63
1609459200141058,4498.25,4498.75,20
1609459200145867,4498.50,4498.50,153
1609459200150183,4498.50,4499.00,35
1609459200151927,4499.00,4499.00,50
1609459200161905,4498.50,4499.00,8
1609459200170595,4498.75,4499.25,33
1609459200172428,4499.00,4499.50,89
1609459200177467,4499.00,4499.00,41
1609459200178758,4498.50,4499.00,3
1609459200187486,4499.00,4499.00,32
1609459200196494,4498.50,4499.00,46
1609459200199965,4498.75,4499.25,58
1609459200205073,4498.75,4499.25,23
1609459200213553,4499.00,4499.00,3
1609459200213898,4499.00,4499.00,12
1609459200215062,4499.00,4499.50,3
1609459200215577,4499.50,4499.50,13
1609459200223531,4499.00,4499.50,137
1609459200232887,4499.00,4499.50,32
1609459200239557,4499.00,4499.00,28
1609459200246497,4498.50,4499.50,2
1609459200248110,4498.50,4499.00,80
1609459200249901,4498.50,4498.50,29
1609459200256814,4498.00,4498.50,103
1609459200258050,4498.00,4498.50,39
1609459200258879,4498.00,4498.50,1
1609459200260408,4498.00,4499.00,9
1609459200268365,4498.00,4499.00,116
1609459200271063,4498.00,4499.00,15
1609459200278518,4498.00,4498.50,65
1609459200287624,4498.00,4498.50,10
1609459200291191,4498.25,4498.75,39
1609459200296330,4498.00,4498.50,34
1609459200305032,4497.50,4498.50,4
1609459200308077,4497.50,4498.00,98
1609459200314693,4497.00,4498.00,14
1609459200324434,4497.00,4497.50,53
1609459200333695,4497.00,4497.50,11
1609459200338843,4497.00,4497.00,55
1609459200343759,4496.50,4497.50,137
1609459200343912,4496.50,4497.50,277
1609459200345113,4496.75,4497.25,7
1609459200350832,4497.00,4497.50,23
1609459200353417,4497.00,4497.50,18
1609459200362084,4496.50,4497.50,17
1609459200363782,4497.00,4497.50,6
1609459200365536,4497.50,4497.50,16
1609459200368987,4497.50,4498.00,50
1609459200373313,4497.50,4498.00,119
1609459200374146,4497.50,4497.50,16
1609459200374205,4497.50,4497.50,195
1609459200376853,4497.50,4498.00,27
1609459200377012,4497.00,4498.00,58
1609459200379455,4497.00,4498.00,43
1609459200381882,4497.50,4497.50,22
1609459200382536,4497.50,4498.00,14
1609459200384221,4497.50,4498.00,103
1609459200386754,4498.00,4498.00,8
1609459200389655,4498.00,4498.50,66
1609459200395098,4498.50,4498.50,55
1609459200399164,4498.00,4498.50,5
1609459200399799,4498.50,4498.50,84
1609459200407341,4498.00,4499.00,102
1609459200410994,4498.00,4498.50,19
1609459200412132,4498.50,4498.50,51
1609459200418681,4498.00,4499.00,20
1609459200419134,4497.75,4498.75,9
1609459200423484,4497.75,4498.25,21
1609459200428624,4497.50,4498.50,6
1609459200438071,4497.50,4498.00,28
1609459200446590,4497.75,4498.25,63
1609459200449819,4498.00,4498.00,54
1609459200455229,4497.75,4498.25,6
1609459200460150,4497.75,4498.25,19
1609459200464995,4498.00,4498.00,54
1609459200471207,4497.50,4498.50,47
1609459200476138,4497.50,4498.50,18
1609459200479582,4497.75,4498.25,53
1609459200487201,4497.75,4498.25,35
1609459200489982,4498.00,4498.00,54
1609459200495474,4497.25,4498.25,13
1609459200500560,4497.50,4497.50,1
1609459200504572,4497.50,4498.00,73
1609459200512034,4497.50,4498.00,10
1609459200518326,4497.50,4498.00,53
1609459200518417,4497.50,4498.50,108
1609459200525383,4497.50,4498.00,59
1609459200532995,4497.50,4497.50,94
1609459200540474,4497.00,4497.50,37
1609459200549632,4496.75,4497.75,111
1609459200557903,4497.00,4497.50,29
1609459200560511,4497.50,4497.50,15
1609459200564562,4497.50,4498.00,75
1609459200572502,4497.50,4498.00,4
1609459200577184,4497.50,4497.50,111
1609459200578505,4497.00,4497.50,59
1609459200582011,4497.00,4497.00,39
1609459200588824,4496.50,4497.00,24
1609459200598394,4497.00,4497.00,106
1609459200607827,4497.00,4497.00,21
1609459200614217,4496.75,4497.75,27
1609459200623165,4497.00,4498.00,33
1609459200627637,4497.50,4497.50,20
1609459200634262,4497.50,4498.00,126
1609459200643014,4497.50,4497.50,41
1609459200643459,4497.00,4497.50,100
1609459200646437,4497.00,4497.00,11
1609459200651793,4496.50,4497.50,16
1609459200658700,4496.50,4497.00,1
1609459200667538,4496.00,4497.00,12
1609459200668663,4496.50,4497.00,70
1609459200672715,4496.50,4496.50,8
1609459200674784,4496.50,4496.50,147
1609459200682404,4496.25,4496.75,9
1609459200692354,4496.50,4497.00,75
1609459200695038,4497.00,4497.00,1
1609459200700150,4496.50,4497.50,23
1609459200703400,4496.50,4497.00,49
1609459200705070,4496.50,4497.00,57
1609459200707054,4496.75,4497.25,2
1609459200715783,4497.00,4497.00,35
1609459200721374,4496.50,4497.00,33
1609459200728477,4496.75,4497.25,88
1609459200730984,4496.75,4497.25,168
1609459200735410,4496.50,4497.50,74
1609459200743027,4496.75,4497.25,15
1609459200747050,4497.00,4497.50,106
1609459200751046,4497.25,4497.75,55
1609459200756558,4497.00,4497.50,10
1609459200760034,4497.00,4497.50,16
1609459200769802,4497.50,4497.50,1
1609459200772933,4497.00,4497.50,33
1609459200776871,4497.00,4497.50,33
1609459200777154,4497.00,4497.00,58
1609459200782171,4497.00,4497.00,40
1609459200787804,4496.75,4497.25,20
1609459200795239,4496.50,4497.00,6
1609459200798395,4496.50,4497.00,150
1609459200801429,4496.25,4496.75,16
1609459200811089,4496.50,4497.00,16
1609459200812737,4497.00,4497.00,22
1609459200817690,4496.50,4497.00,16
1609459200818584,4496.50,4497.00,6
1609459200826627,4496.50,4496.50,16
1609459200834471,4496.50,4496.50,2
1609459200842299,4496.00,4496.50,33
1609459200851753,4496.00,4496.50,8
1609459200860975,4496.50,4496.50,14
1609459200870119,4496.50,4497.00,78
1609459200873817,4497.00,4497.00,119
1609459200878689,4496.75,4497.75,18
1609459200879676,4497.00,4497.50,147
1609459200883081,4497.00,4497.50,4
1609459200887011,4497.00,4497.00,1
1609459200894393,4497.00,4497.00,1
1609459200899114,4497.00,4497.50,30
1609459200902939,4497.25,4497.75,49
1609459200906181,4497.25,4497.75,52
1609459200910534,4497.50,4498.00,9
1609459200915574,4497.50,4498.00,127
1609459200922770,4497.25,4497.75,60
1609459200927231,4497.50,4497.50,4
1609459200927885,4497.50,4498.00,46
1609459200928309,4497.00,4498.00,90
1609459200937734,4497.50,4497.50,72
1609459200942150,4497.25,4497.75,9
1609459200950653,4497.00,4498.00,10
1609459200960244,4497.00,4498.00,173
1609459200967945,4497.50,4497.50,55
1609459200970580,4497.25,4497.75,16
1609459200977142,4497.50,4498.00,30
1609459200982296,4497.50,4497.50,74
1609459200990728,4497.50,4498.00,101
1609459200998298,4497.50,4498.00,22
1609459201006466,4497.50,4498.00,11
1609459201015465,4497.50,4497.50,106
1609459201023407,4496.75,4497.75,46
1609459201027328,4497.50,4497.50,1
1609459201034013,4496.75,4497.75,122
1609459201041574,4497.25,4497.75,8
1609459201046356,4497.50,4497.50,90
1609459201054093,4497.00,4497.50,24
1609459201063914,4497.00,4497.50,99
1609459201068441,4497.00,4498.00,20
1609459201076760,4497.00,4497.50,64
1609459201086377,4497.00,4497.50,100
1609459201093694,4497.00,4497.50,40
1609459201102598,4497.00,4497.50,101
1609459201106511,4497.00,4497.50,74
1609459201107227,4497.00,4497.50,122
1609459201113474,4497.00,4497.50,85
1609459201115967,4497.00,4497.50,34
1609459201125637,4497.00,4497.50,93
1609459201127271,4497.00,4497.50,64
1609459201133989,4497.00,4498.00,3
1609459201138332,4497.25,4497.75,52
1609459201143716,4497.50,4498.00,23
1609459201148905,4497.50,4498.00,33
1609459201157770,4497.50,4497.50,49
1609459201162479,4497.50,4498.00,28
1609459201164092,4497.75,4498.25,5
1609459201166818,4497.50,4498.50,2
1609459201167738,4497.50,4498.00,7
1609459201176441,4497.50,4498.00,9
1609459201179310,4497.00,4498.00,48
1609459201183256,4497.25,4497.75,13
1609459201187418,4497.25,4497.75,114
1609459201195041,4497.50,4498.00,8
1609459201202279,4497.50,4498.50,17
1609459201209231,4498.00,4498.00,17
1609459201215534,4498.00,4498.50,24
1609459201221416,4497.75,4498.75,17
1609459201227901,4497.75,4498.25,57
1609459201228705,4498.00,4498.50,89
1609459201233395,4498.50,4498.50,80
1609459201236984,4498.25,4498.75,56
1609459201239225,4498.00,4499.00,51
1609459201244287,4498.50,4499.00,22
1609459201246441,4498.50,4498.50,68
1609459201249319,4498.00,4498.50,104
1609459201255314,4498.00,4498.50,88
1609459201259525,4498.00,4499.00,171
1609459201264361,4498.50,4499.00,6
1609459201265595,4498.00,4499.00,98
1609459201272107,4498.50,4499.00,22
1609459201278572,4498.25,4498.75,30
1609459201282868,4498.00,4499.00,140
1609459201284644,4498.50,4498.50,48
1609459201293843,4498.25,4498.75,52
1609459201301450,4498.50,4499.00,26
1609459201303741,4498.50,4498.50,275
1609459201305644,4498.00,4498.50,7
1609459201313077,4498.00,4498.50,59
1609459201321928,4498.00,4498.50,8
1609459201328726,4498.00,4498.50,47
1609459201333310,4498.00,4498.00,29
1609459201337179,4498.00,4498.50,57
1609459201346100,4498.25,4498.75,3
1609459201350621,4498.00,4498.50,94
1609459201358072,4498.00,4498.00,51
1609459201358422,4497.50,4498.00,224
1609459201367673,4497.00,4498.00,40
1609459201377281,4497.00,4497.50,19
1609459201379699,4497.25,4497.75,16
1609459201382070,4497.50,4498.00,80
1609459201383872,4497.50,4498.00,1
1609459201387771,4497.50,4498.00,15
1609459201389848,4497.75,4498.25,68
1609459201397651,4498.00,4498.00,45
1609459201405057,4497.50,4498.50,2
1609459201413601,4497.75,4498.25,1
1609459201421449,4498.00,4498.50,5
1609459201428717,4498.00,4498.00,46
1609459201429794,4497.50,4498.00,44
1609459201435122,4497.50,4498.00,17
1609459201443405,4497.50,4498.00,60
1609459201452439,4498.00,4498.00,30
1609459201456183,4497.50,4498.50,25
1609459201457741,4498.00,4498.00,14
1609459201460242,4498.00,4498.00,4
1609459201461641,4497.50,4498.00,67
1609459201463773,4497.50,4498.00,41
1609459201469174,4497.50,4498.00,103
1609459201476104,4497.75,4498.25,172
1609459201485942,4498.00,4498.00,35
1609459201488478,4498.00,4498.00,5
1609459201497592,4497.75,4498.25,42
1609459201504623,4497.75,4498.75,85
1609459201513745,4497.50,4498.50,88
1609459201518127,4497.50,4498.00,71
1609459201523695,4497.50,4498.00,7
1609459201530262,4497.25,4497.75,178
1609459201531766,4497.50,4498.00,27
1609459201537352,4497.50,4497.50,19
1609459201546652,4497.00,4498.00,8
1609459201547468,4497.50,4497.50,54
1609459201555426,4497.50,4497.50,12
1609459201563821,4497.00,4497.50,16
1609459201573539,4497.00,4497.50,2
1609459201580015,4497.50,4497.50,11
1609459201583476,4497.50,4498.00,17
1609459201585442,4497.25,4497.75,9
1609459201591672,4497.50,4497.50,40
1609459201597475,4497.00,4497.50,2
1609459201597783,4497.00,4497.50,18
1609459201604817,4497.00,4497.50,27
1609459201606705,4496.75,4497.75,9
1609459201614244,4497.00,4498.00,4
1609459201615979,4497.00,4497.50,37
1609459201622464,4497.25,4497.75,12
1609459201625219,4497.00,4497.50,37
1609459201628396,4497.50,4497.50,64
1609459201630816,4497.00,4497.50,10
1609459201640686,4496.75,4497.25,3
1609459201648782,4496.75,4497.25,43
1609459201658031,4496.50,4497.50,19
1609459201663211,4496.50,4497.00,29
1609459201668173,4496.75,4497.25,21
1609459201669389,4497.00,4497.00,2
1609459201674093,4496.50,4497.00,96
1609459201683827,4496.50,4497.00,40
1609459201684500,4496.50,4497.00,52
1609459201689768,4496.50,4497.00,158
1609459201697150,4496.00,4497.00,21
1609459201698532,4496.50,4496.50,14
1609459201705705,4496.50,4497.00,47
1609459201711668,4496.50,4497.00,26
1609459201717212,4496.50,4497.00,49
1609459201722695,4496.50,4496.50,56
1609459201727351,4496.00,4496.50,166
1609459201737226,4496.50,4496.50,43
1609459201739544,4496.50,4497.00,53
1609459201745966,4496.25,4496.75,4
1609459201755124,4496.25,4496.75,83
1609459201763749,4496.00,4496.50,35
1609459201764048,4496.00,4496.50,12
1609459201772016,4495.50,4496.50,8
1609459201776863,4496.00,4496.50,73
1609459201785490,4496.00,4496.00,72
1609459201787638,4496.00,4496.00,9
1609459201790351,4496.00,4496.50,22
1609459201794243,4496.25,4496.75,69
1609459201801599,4496.00,4496.50,168
1609459201809284,4496.50,4496.50,56
1609459201818630,4496.50,4497.00,16
1609459201824887,4496.50,4497.00,8
1609459201828159,4497.00,4497.00,14
1609459201836033,4497.00,4497.50,5
1609459201844486,4497.50,4497.50,72
1609459201848956,4497.25,4497.75,88
1609459201850459,4497.50,4498.00,29
1609459201856187,4498.00,4498.00,25
1609459201862314,4497.25,4498.25,23
1609459201862776,4497.50,4498.00,62
1609459201868270,4498.00,4498.00,16
1609459201876011,4498.00,4498.00,61
1609459201883361,4497.50,4498.50,1
1609459201886895,4498.00,4498.50,64
1609459201895543,4498.00,4498.50,13
1609459201897540,4498.00,4498.00,78
1609459201905030,4497.50,4498.00,34
1609459201913813,4497.25,4497.75,13
1609459201916166,4497.00,4497.50,21
1609459201925516,4497.00,4497.50,4
1609459201931425,4496.75,4497.25,35
1609459201939742,4497.00,4497.00,31
1609459201946081,4497.00,4497.50,1
1609459201947188,4497.00,4497.50,49
1609459201956722,4497.50,4497.50,2
1609459201965668,4497.25,4497.75,88
1609459201973281,4497.50,4498.00,10
1609459201975491,4497.25,4497.75,30
1609459201980299,4497.00,4497.50,108
1609459201985470,4497.25,4497.75,226
1609459201994368,4497.50,4497.50,52
1609459201999056,4497.25,4497.75,100
1609459202004495,4497.00,4497.50,28
1609459202011049,4497.00,4498.00,24
1609459202014110,4497.50,4497.50,129
1609459202022618,4497.00,4497.50,27
1609459202029674,4497.00,4497.50,39
1609459202034937,4497.00,4497.00,17
1609459202042243,4497.00,4497.00,58
1609459202048003,4496.75,4497.25,121
1609459202055130,4496.25,4497.25,147
1609459202056360,4496.50,4497.00,35
1609459202058982,4497.00,4497.00,46
1609459202066162,4496.50,4497.00,75
1609459202072164,4496.50,4497.00,1
1609459202074678,4496.50,4497.00,23
1609459202075938,4496.50,4497.00,25
1609459202080505,4496.50,4496.50,66
1609459202088682,4496.00,4497.00,6
1609459202092947,4496.50,4497.00,47
1609459202100995,4496.50,4496.50,3
1609459202103824,4496.50,4497.00,4
1609459202109061,4496.50,4497.00,39
1609459202113819,4496.50,4497.50,62
1609459202116672,4497.00,4497.50,6
1609459202119965,4497.50,4497.50,34
1609459202125878,4497.50,4497.50,81
1609459202134917,4497.00,4497.50,3
1609459202141441,4497.25,4497.75,37
1609459202148150,4497.50,4498.00,179
1609459202149366,4497.50,4498.00,21
1609459202158399,4497.50,4498.00,169
1609459202165488,4497.50,4498.00,89
1609459202173977,4497.50,4497.50,19
1609459202177672,4497.00,4498.00,112
1609459202178965,4497.00,4497.50,40
1609459202181016,4497.00,4497.50,4
1609459202183779,4497.00,4497.50,9
1609459202193694,4497.00,4497.50,2
1609459202194159,4496.50,4497.50,73
1609459202198496,4496.75,4497.25,26
1609459202198993,4496.75,4497.25,17
1609459202203943,4496.50,4497.50,57
1609459202208817,4496.75,4497.25,8
1609459202215627,4497.00,4497.00,46
1609459202220749,4497.00,4497.50,221
1609459202226408,4497.50,4497.50,23
1609459202235611,4497.00,4497.50,6
1609459202242978,4497.00,4497.00,17
1609459202249272,4497.00,4497.50,164
1609459202251889,4497.00,4498.00,63
1609459202255000,4497.50,4498.00,36
1609459202263172,4498.00,4498.00,4
1609459202269615,4497.50,4498.50,12
1609459202275397,4497.50,4498.00,45
1609459202283108,4497.50,4497.50,5
1609459202285303,4497.50,4498.00,72
1609459202291299,4497.50,4497.50,41
1609459202297239,4497.50,4497.50,35
1609459202306248,4496.75,4497.75,57
1609459202308195,4497.00,4497.00,23
1609459202313751,4497.00,4497.00,7
1609459202323622,4496.75,4497.25,2
1609459202325868,4497.00,4497.50,36
1609459202328309,4497.00,4497.50,19
1609459202333528,4496.50,4497.50,67
1609459202338431,4496.75,4497.25,35
1609459202346457,4497.00,4497.50,84
1609459202352493,4497.00,4497.50,26
1609459202357534,4497.25,4497.75,58
1609459202357971,4497.50,4497.50,53
1609459202367449,4497.25,4497.75,43
1609459202370243,4497.25,4497.75,74
1609459202376473,4497.00,4497.50,1
1609459202378274,4497.00,4497.00,27
1609459202385040,4497.00,4497.00,74
1609459202392767,4497.00,4497.50,3
1609459202395030,4497.00,4497.50,313
1609459202402868,4497.00,4497.50,9
1609459202411603,4497.00,4497.50,73
1609459202415935,4497.00,4497.50,14
1609459202425079,4496.50,4497.50,201
1609459202429815,4497.00,4497.50,33
1609459202437677,4497.00,4497.50,79
1609459202442158,4496.75,4497.25,39
1609459202448623,4496.75,4497.75,81
1609459202453382,4496.50,4497.50,4
1609459202460630,4496.75,4497.25,12
1609459202469455,4496.50,4497.00,15
1609459202471245,4496.50,4497.00,13
1609459202479946,4496.50,4496.50,5
1609459202485358,4496.50,4497.00,73
1609459202485443,4496.50,4497.50,8
1609459202493237,4497.00,4497.00,166
1609459202498500,4496.50,4497.00,73
1609459202507907,4496.25,4496.75,94
1609459202508519,4496.50,4497.00,106
1609459202511400,4497.00,4497.00,90
1609459202519517,4496.50,4497.00,102
1609459202524260,4497.00,4497.00,41
1609459202526019,4497.00,4497.50,30
1609459202534921,4497.00,4497.50,7
1609459202543183,4497.00,4497.50,5
1609459202545846,4497.25,4497.75,63
1609459202546077,4497.50,4498.00,41
1609459202549242,4497.00,4498.00,113
1609459202556250,4497.50,4497.50,55
1609459202559278,4497.50,4498.00,137
1609459202559390,4497.50,4497.50,70
1609459202564791,4497.25,4497.75,1
1609459202570682,4497.50,4497.50,6
1609459202575709,4497.00,4497.50,128
1609459202580805,4497.00,4497.50,141
1609459202586827,4497.00,4497.50,7
1609459202589337,4496.75,4497.75,23
1609459202598336,4497.25,4497.75,80
1609459202601915,4497.50,4498.00,45
1609459202603257,4497.50,4498.00,22
1609459202612501,4497.00,4498.00,116
1609459202615814,4497.50,4497.50,19
1609459202624340,4497.25,4497.75,63
1609459202632349,4497.00,4497.50,82
1609459202639779,4497.00,4497.00,41
1609459202648935,4496.50,4497.50,64
1609459202655423,4496.50,4497.00,12
1609459202656620,4496.50,4496.50,3
1609459202657608,4496.50,4497.00,135
1609459202658128,4496.50,4496.50,7
1609459202665016,4496.00,4497.00,29
1609459202671201,4496.25,4496.75,54
1609459202680037,4496.00,4496.50,6
1609459202688840,4496.00,4496.50,192
1609459202688897,4496.00,4497.00,31
1609459202697818,4496.50,4496.50,13
1609459202705365,4496.50,4496.50,138
1609459202707214,4496.00,4496.50,47
1609459202707471,4496.00,4496.00,45
1609459202714786,4495.75,4496.25,2
1609459202715511,4496.00,4496.00,12
1609459202716436,4495.25,4496.25,13
1609459202725875,4495.50,4496.00,55
1609459202731129,4495.00,4496.00,212
1609459202739670,4495.00,4495.50,3
1609459202749364,4495.00,4496.00,49
1609459202756364,4495.50,4495.50,21
1609459202762609,4495.50,4496.00,26
1609459202765054,4495.50,4495.50,38
1609459202769003,4495.50,4496.00,61
1609459202776590,4495.75,4496.25,171
1609459202785721,4496.00,4496.00,14
1609459202791133,4495.50,4496.50,93
1609459202792648,4495.50,4496.50,2
1609459202798828,4495.75,4496.25,103
1609459202801911,4496.00,4496.50,55
1609459202805467,4496.00,4496.50,20
1609459202805719,4496.00,4496.00,67
1609459202813566,4496.00,4496.50,60
1609459202820065,4496.25,4496.75,74
1609459202826302,4496.25,4496.75,18
1609459202832195,4496.50,4496.50,5
1609459202839888,4496.50,4497.00,11
1609459202845015,4496.50,4497.00,12
1609459202847406,4496.25,4496.75,43
1609459202854248,4496.00,4496.50,13
1609459202863584,4496.50,4496.50,53
1609459202869115,4496.00,4496.50,169
1609459202877153,4496.00,4496.50,21
1609459202879447,4496.50,4496.50,124
1609459202888330,4496.25,4497.25,37
1609459202889548,4496.75,4497.25,72
1609459202896305,4496.50,4497.00,3
1609459202898780,4496.25,4496.75,23
1609459202906697,4496.50,4496.50,37
1609459202913437,4496.00,4496.50,16
1609459202918135,4495.50,4496.50,56
1609459202921073,4495.50,4496.00,8
1609459202924218,4495.50,4496.00,21
1609459202930721,4495.00,4496.00,30
1609459202934706,4495.50,4496.00,57
1609459202936027,4495.50,4496.00,71
1609459202937559,4495.50,4496.00,32
1609459202937714,4496.00,4496.00,93
1609459202943142,4495.50,4496.50,5
1609459202951796,4496.00,4496.50,115
1609459202961083,4496.00,4496.50,3
1609459202965677,4496.25,4496.75,1
1609459202970830,4496.00,4496.50,7
1609459202977356,4496.50,4496.50,41
1609459202986641,4496.50,4497.00,113
1609459202992077,4496.50,4497.00,78
1609459202993362,4496.25,4497.25,2
1609459203000524,4496.50,4496.50,46
1609459203010283,4496.25,4496.75,1
1609459203014762,4496.50,4497.00,12
1609459203023823,4497.00,4497.00,56
1609459203030051,4496.50,4497.00,79
1609459203031256,4496.50,4496.50,62
1609459203033784,4496.50,4497.00,5
1609459203033870,4497.00,4497.00,71
1609459203035545,4496.50,4497.00,29
1609459203044634,4496.50,4497.00,4
1609459203053715,4496.25,4496.75,19
1609459203060027,4496.00,4496.50,75
1609459203069195,4496.00,4497.00,42
1609459203071974,4496.50,4496.50,15
1609459203076372,4496.50,4496.50,28
1609459203083272,4496.00,4496.50,22
1609459203087313,4496.50,4496.50,47
1609459203094815,4496.00,4496.50,148
1609459203100259,4496.50,4496.50,99
1609459203107472,4496.00,4497.00,98
1609459203117211,4496.00,4496.50,147
1609459203120502,4496.00,4496.50,25
1609459203125731,4495.75,4496.25,33
1609459203135167,4496.00,4496.50,16
1609459203141605,4496.00,4496.50,11
1609459203150545,4495.75,4496.25,1
1609459203158109,4496.00,4496.50,79
1609459203159243,4496.25,4496.75,26
1609459203167424,4496.00,4496.50,14
1609459203169950,4496.25,4496.75,3
1609459203179747,4496.50,4496.50,35
1609459203186601,4496.25,4496.75,22
1609459203195398,4496.00,4497.00,5
1609459203199466,4496.50,4496.50,52
1609459203200192,4496.25,4496.75,52
1609459203205625,4496.50,4497.00,1
1609459203209865,4496.25,4496.75,40
1609459203219290,4496.00,4496.50,31
1609459203228934,4496.00,4496.50,303
1609459203236844,4496.00,4496.00,163
1609459203238746,4496.00,4496.50,21
1609459203244367,4496.00,4496.50,32
1609459203252169,4495.75,4496.25,30
1609459203253270,4495.50,4496.50,6
1609459203258891,4495.75,4496.25,8
1609459203262888,4495.75,4496.25,20
1609459203269874,4496.00,4496.50,25
1609459203272897,4495.75,4496.25,25
1609459203276130,4496.00,4496.00,1
1609459203279650,4495.50,4496.00,82
1609459203280676,4495.50,4496.00,38
1609459203286670,4495.50,4496.00,15
1609459203294690,4495.50,4496.00,45
1609459203301122,4495.50,4496.00,93
1609459203303949,4495.75,4496.25,17
1609459203313619,4495.50,4496.00,6
1609459203318623,4495.50,4495.50,7
1609459203324988,4495.50,4495.50,24
1609459203328032,4495.25,4495.75,125
1609459203330871,4495.50,4495.50,7
1609459203336026,4495.50,4496.00,100
1609459203336184,4495.50,4496.00,24
1609459203345385,4495.50,4496.00,57
1609459203352195,4496.00,4496.00,9
1609459203361459,4495.50,4496.00,17
1609459203365963,4495.50,4495.50,75
1609459203375231,4495.50,4496.00,39
1609459203377086,4495.50,4496.00,39
1609459203383097,4495.50,4496.00,71
1609459203390329,4495.25,4496.25,5
1609459203394385,4495.00,4496.00,29
1609459203400097,4495.50,4496.00,100
1609459203402021,4496.00,4496.00,83
1609459203411654,4495.50,4496.50,47
1609459203418670,4495.50,4496.00,11
1609459203422061,4495.75,4496.25,37
1609459203431840,4496.00,4496.00,60
1609459203436581,4495.50,4496.50,36
1609459203438142,4495.50,4496.00,26
1609459203439114,4495.50,4496.50,6
1609459203441289,4495.50,4496.00,88
1609459203447724,4495.50,4496.00,15
1609459203454511,4495.50,4496.00,79
1609459203456037,4495.50,4496.00,59
1609459203462084,4495.50,4496.00,43
1609459203463611,4496.00,4496.00,54
1609459203469481,4496.00,4496.50,25
1609459203476521,4496.50,4496.50,19
1609459203481168,4496.25,4496.75,41
1609459203489120,4496.50,4497.00,71
1609459203489873,4496.25,4496.75,30
1609459203491909,4496.50,4497.00,30
1609459203498919,4496.25,4496.75,7
1609459203503865,4496.00,4496.50,16
1609459203509771,4496.00,4496.00,117
1609459203512483,4495.50,4496.00,64
1609459203516320,4495.50,4496.00,5
1609459203519817,4495.50,4496.00,12
1609459203527109,4495.25,4495.75,84
1609459203534029,4495.50,4495.50,12
1609459203535493,4495.50,4496.00,18
1609459203540396,4495.25,4495.75,69
1609459203542578,4495.25,4495.75,3
1609459203551807,4495.00,4495.50,28
1609459203555298,4495.00,4495.50,26
1609459203562547,4495.50,4495.50,5
1609459203564565,4495.50,4495.50,165
1609459203569718,4495.50,4496.00,51
1609459203573784,4495.50,4496.00,46
1609459203574224,4495.75,4496.25,17
1609459203582707,4496.00,4496.00,24
1609459203583602,4496.00,4496.50,13
1609459203589925,4496.00,4496.00,45
1609459203598581,4496.00,4496.50,22
1609459203603767,4495.50,4496.50,42
1609459203609754,4496.00,4496.00,31
1609459203610950,4495.50,4496.00,15
1609459203611603,4495.50,4496.50,25
1609459203616297,4495.75,4496.25,26
1609459203622888,4495.50,4496.00,47
1609459203627435,4495.50,4495.50,126
1609459203629981,4495.50,4495.50,50
1609459203631065,4495.50,4495.50,153
1609459203634975,4495.00,4495.50,28
1609459203642404,4495.00,4495.50,54
1609459203645282,4494.75,4495.25,60
1609459203647967,4495.00,4495.00,36
1609459203652215,4494.50,4495.00,75
1609459203656619,4495.00,4495.00,115
1609459203662108,4495.00,4495.50,3
1609459203671556,4495.00,4495.50,35
1609459203672465,4495.00,4495.50,22
1609459203676645,4495.00,4496.00,56
1609459203678535,4495.00,4495.50,2
1609459203678737,4495.00,4495.00,24
1609459203681196,4494.25,4495.25,1
1609459203688067,4494.50,4494.50,123
1609459203693309,4494.00,4494.50,23
1609459203701535,4494.00,4494.50,12
1609459203709986,4494.00,4495.00,3
1609459203717607,4494.50,4495.00,18
1609459203719023,4494.50,4495.00,11
1609459203728261,4494.75,4495.25,13
1609459203734295,4495.00,4495.00,74
1609459203737497,4495.00,4495.50,79
1609459203739964,4495.00,4495.00,13
1609459203745640,4494.75,4495.25,1
1609459203751129,4494.50,4495.00,94
1609459203756168,4494.25,4494.75,13
1609459203764230,4494.25,4495.25,7
1609459203768815,4494.00,4495.00,113
1609459203777331,4494.00,4495.00,30
1609459203778723,4494.25,4494.75,50
1609459203785185,4494.00,4494.50,28
1609459203787327,4494.00,4494.00,18
1609459203793766,4494.00,4494.50,19
1609459203798222,4493.50,4494.50,7
1609459203807802,4493.50,4494.00,29
1609459203812948,4493.50,4494.00,167
1609459203816350,4493.50,4494.00,95
1609459203817832,4493.25,4493.75,87
1609459203827717,4493.00,4493.50,19
1609459203829212,4493.00,4494.00,25
1609459203830015,4493.50,4493.50,233
1609459203830525,4493.50,4494.00,40
1609459203839539,4493.50,4493.50,81
1609459203841830,4493.00,4493.50,75
1609459203845472,4492.50,4493.50,23
1609459203846849,4493.00,4493.00,83
1609459203847207,4493.00,4493.50,51
1609459203849318,4492.50,4493.50,82
1609459203851326,4492.50,4493.00,9
1609459203860729,4492.50,4493.00,34
1609459203867000,4492.50,4493.00,12
1609459203870067,4492.50,4492.50,8
1609459203874094,4492.50,4492.50,107
1609459203881943,4492.00,4492.50,7
1609459203885211,4492.00,4492.50,14
1609459203894119,4492.00,4493.00,76
1609459203900003,4492.25,4492.75,21
1609459203909271,4492.50,4492.50,9
1609459203914496,4492.50,4492.50,83
1609459203919099,4491.75,4492.75,37
1609459203928668,4492.00,4493.00,5
1609459203932620,4492.00,4492.50,124
1609459203933537,4492.00,4493.00,42
1609459203939901,4492.00,4493.00,93
1609459203942787,4492.00,4492.50,66
1609459203948666,4492.50,4492.50,60
1609459203957967,4492.25,4492.75,10
1609459203966032,4492.50,4492.50,1
1609459203966953,4492.00,4492.50,37
1609459203966965,4492.00,4492.50,82
1609459203972548,4492.00,4493.00,92
1609459203977850,4492.00,4492.50,60
1609459203980171,4492.00,4493.00,98
1609459203981360,4492.00,4493.00,25
1609459203983016,4492.50,4492.50,186
1609459203990174,4492.25,4493.25,52
1609459203993029,4492.75,4493.25,110
1609459203998876,4492.50,4493.00,9
1609459204003903,4493.00,4493.00,9
1609459204003933,4493.00,4493.50,24
1609459204013231,4492.75,4493.25,126
1609459204016851,4493.00,4493.00,34
1609459204022277,4493.00,4493.50,201
1609459204025028,4492.75,4493.75,86
1609459204030529,4493.00,4493.50,14
1609459204031640,4493.00,4493.50,63
1609459204032429,4493.00,4493.50,173
1609459204039213,4493.00,4493.50,39
1609459204040875,4493.25,4493.75,43
1609459204044571,4493.00,4493.50,93
1609459204049403,4493.00,4493.00,5
1609459204055004,4492.50,4493.00,65
1609459204063967,4492.50,4493.50,20
1609459204071877,4493.00,4493.50,53
1609459204081828,4493.50,4493.50,5
1609459204085196,4493.50,4494.00,40
1609459204094046,4493.50,4493.50,13
1609459204094860,4493.25,4493.75,33
1609459204095754,4493.50,4493.50,17
1609459204105588,4493.50,4493.50,11
1609459204110370,4493.50,4494.00,6
1609459204116883,4493.50,4494.00,15
1609459204125798,4493.50,4494.00,24
1609459204128855,4493.50,4494.00,31
1609459204132562,4493.75,4494.25,8
1609459204134147,4493.50,4494.00,38
1609459204143810,4493.50,4493.50,24
1609459204152372,4493.25,4493.75,100
1609459204160152,4493.50,4493.50,17
1609459204166621,4493.50,4494.00,34
1609459204175089,4493.75,4494.25,48
1609459204177060,4494.00,4494.50,148
1609459204179799,4494.00,4495.00,6
1609459204186736,4494.00,4494.50,11
1609459204189159,4494.50,4494.50,120
1609459204190257,4494.00,4494.50,40
1609459204194783,4494.00,4494.50,1
1609459204204410,4494.00,4494.50,26
1609459204206839,4494.00,4494.50,167
1609459204208481,4494.25,4494.75,5
1609459204213169,4494.50,4495.00,105
1609459204217497,4494.50,4495.00,46
1609459204218111,4494.50,4494.50,48
1609459204224693,4494.00,4494.50,20
1609459204228586,4494.00,4494.00,15
1609459204234689,4493.50,4494.00,18
1609459204239283,4493.50,4494.50,57
1609459204243018,4493.25,4494.25,29
1609459204248276,4493.50,4493.50,51
1609459204251356,4493.00,4494.00,26
1609459204259294,4493.50,4494.00,86
1609459204267737,4494.00,4494.00,61
1609459204274347,4493.50,4494.00,105
1609459204274822,4493.00,4494.00,11
1609459204275767,4493.00,4493.50,125
1609459204279030,4492.50,4493.50,35
1609459204281060,4493.00,4493.00,33
1609459204288369,4492.50,4493.00,44
1609459204294100,4492.50,4493.00,14
1609459204295581,4492.50,4492.50,8
1609459204304957,4492.50,4493.00,12
1609459204308646,4492.50,4493.00,26
1609459204308975,4492.50,4493.50,57
1609459204316743,4493.00,4493.50,45
1609459204316882,4492.75,4493.25,143
1609459204321394,4493.00,4493.00,21
1609459204325523,4492.50,4493.00,36
1609459204332030,4492.50,4493.00,373
1609459204338162,4492.50,4493.00,16
1609459204339934,4492.50,4493.00,16
1609459204345262,4493.00,4493.00,62
1609459204350158,4492.50,4493.00,13
1609459204351089,4492.50,4493.50,45
1609459204356326,4492.75,4493.25,53
1609459204361170,4492.50,4493.00,24
1609459204361749,4492.25,4493.25,84
1609459204367372,4493.00,4493.00,38
1609459204375167,4493.00,4493.50,35
1609459204377953,4493.00,4494.00,9
1609459204379553,4493.25,4493.75,64
1609459204388713,4493.50,4494.00,56
1609459204394213,4493.50,4494.00,12
1609459204399245,4493.50,4494.00,23
1609459204408839,4493.00,4494.00,31
1609459204418401,4493.25,4493.75,31
1609459204421589,4493.00,4494.00,24
1609459204426478,4493.00,4494.00,8
1609459204429760,4493.00,4494.00,111
1609459204437257,4493.00,4493.50,9
1609459204438582,4493.00,4493.50,9
1609459204439533,4493.00,4493.00,71
1609459204442296,4493.00,4493.00,76
1609459204443739,4492.50,4493.00,28
1609459204450769,4493.00,4493.00,1
1609459204454037,4492.75,4493.75,111
1609459204462738,4492.75,4493.25,49
1609459204466815,4492.50,4493.00,18
1609459204468498,4492.50,4493.00,9
1609459204469248,4492.50,4492.50,65
1609459204479019,4492.50,4492.50,58
1609459204481212,4492.00,4493.00,22
1609459204484300,4492.00,4492.50,83
1609459204484614,4491.75,4492.25,7
1609459204484974,4492.00,4492.00,22
1609459204485587,4491.75,4492.25,73
1609459204486384,4492.00,4492.00,5
1609459204486708,4491.50,4492.00,29
1609459204488733,4491.50,4492.00,8
1609459204488886,4491.50,4492.00,54
1609459204493310,4491.50,4492.00,27
1609459204495029,4491.50,4492.00,16
1609459204496771,4491.50,4492.00,75
1609459204505343,4492.00,4492.00,26
1609459204507971,4491.50,4492.00,11
1609459204515847,4491.50,4492.00,55
1609459204517657,4491.75,4492.25,8
1609459204519133,4492.00,4492.50,64
1609459204523326,4492.00,4492.50,189
1609459204527654,4492.00,4492.50,9
1609459204528301,4492.50,4492.50,56
1609459204535281,4492.50,4493.00,70
1609459204536033,4492.50,4492.50,52
1609459204541418,4492.50,4492.50,48
1609459204542941,4492.50,4492.50,6
1609459204549499,4492.50,4493.00,24
1609459204557335,4492.75,4493.25,79
1609459204559188,4492.50,4493.00,199
1609459204561800,4492.00,4493.00,32
1609459204571122,4492.50,4492.50,23
1609459204576998,4492.00,4493.00,105
1609459204579139,4492.50,4492.50,109
1609459204586360,4492.00,4492.50,18
1609459204594959,4492.25,4492.75,41
1609459204600502,4492.25,4492.75,48
1609459204607594,4492.50,4492.50,21
1609459204613900,4492.00,4492.50,111
1609459204614795,4491.50,4492.50,35
1609459204622484,4492.00,4492.50,3
1609459204630540,4492.00,4492.50,16
1609459204638846,4491.75,4492.25,25
1609459204642697,4491.50,4492.00,42
1609459204644140,4492.00,4492.00,6
1609459204652289,4492.00,4492.50,25
1609459204652877,4492.00,4492.50,4
1609459204662777,4492.25,4492.75,110
1609459204671991,4492.00,4492.50,150
1609459204677945,4492.00,4493.00,92
1609459204683385,4492.25,4492.75,32
1609459204689338,4492.50,4493.00,71
1609459204692972,4492.50,4492.50,50
1609459204697756,4492.50,4492.50,5
1609459204700446,4492.00,4493.00,67
1609459204707151,4492.00,4492.50,10
1609459204713589,4491.50,4492.50,10
1609459204719126,4491.50,4492.00,130
1609459204728774,4491.00,4492.00,30
1609459204738430,4491.50,4492.00,34
1609459204747120,4491.75,4492.25,28
1609459204756707,4491.75,4492.25,127
1609459204759611,4492.00,4492.00,84
1609459204761308,4491.75,4492.25,107
1609459204769568,4492.00,4492.50,46
1609459204773636,4491.50,4492.50,176
1609459204781056,4492.00,4492.50,46
1609459204789450,4491.75,4492.25,98
1609459204798520,4492.00,4492.00,48
1609459204803281,4491.50,4492.50,7
1609459204806195,4491.75,4492.25,19
1609459204808086,4492.00,4492.50,43
1609459204814926,4492.00,4492.50,38
1609459204821847,4492.25,4492.75,1
1609459204824229,4492.00,4492.50,15
1609459204826866,4492.25,4492.75,7
1609459204827883,4492.50,4492.50,70
1609459204828413,4492.50,4492.50,47
1609459204837619,4492.50,4493.00,41
1609459204841512,4492.50,4493.00,59
1609459204842282,4493.00,4493.00,156
1609459204847405,4493.00,4493.50,68
1609459204850733,4493.00,4493.50,102
1609459204854429,4493.25,4493.75,52
1609459204864070,4493.25,4493.75,74
1609459204867241,4493.00,4493.50,57
1609459204870305,4493.25,4493.75,6
1609459204870971,4493.25,4493.75,6
1609459204880540,4493.50,4494.00,31
1609459204883077,4493.00,4494.00,45
1609459204888012,4493.25,4493.75,22
1609459204893220,4493.00,4494.00,36
1609459204901497,4493.00,4493.50,25
1609459204907222,4493.00,4493.00,20
1609459204913134,4492.25,4493.25,48
1609459204920915,4492.50,4493.50,198
1609459204921060,4492.50,4493.00,13
1609459204925055,4492.75,4493.25,19
1609459204926913,4492.75,4493.25,16
1609459204935382,4493.00,4493.50,81
1609459204942683,4493.00,4493.50,52
1609459204947932,4493.00,4493.50,9
1609459204956747,4493.00,4493.50,11
1609459204960240,4493.50,4493.50,5
1609459204969051,4493.50,4494.00,67
1609459204976182,4493.50,4494.00,68
1609459204978702,4493.25,4493.75,1
1609459204979903,4493.00,4493.50,40
1609459204989324,4493.00,4494.00,26
1609459204996716,4493.50,4493.50,1
1609459204998655,4493.25,4493.75,48
1609459205008250,4493.00,4493.50,22
1609459205016489,4492.75,4493.25,17
1609459205017907,4492.50,4493.00,24
1609459205018412,4492.50,4493.00,7
1609459205024819,4492.50,4493.50,17
1609459205027180,4492.50,4493.00,168
1609459205033294,4493.00,4493.00,103
1609459205035611,4492.50,4493.00,45
1609459205044412,4492.50,4493.00,11
1609459205050046,4492.00,4493.00,95
1609459205052380,4492.00,4492.50,90
1609459205055564,4491.75,4492.25,41
1609459205056456,4492.00,4492.50,258
1609459205064014,4492.00,4492.50,55
1609459205068122,4491.75,4492.25,33
1609459205073543,4491.75,4492.25,13
1609459205078215,4491.50,4492.50,19
1609459205085599,4491.75,4492.25,59
1609459205088096,4492.00,4492.00,19
1609459205095114,4491.50,4492.00,77
1609459205102260,4491.50,4491.50,56
1609459205107693,4491.50,4492.00,22
1609459205112698,4491.50,4492.00,51
1609459205114042,4491.50,4492.50,7
1609459205122867,4491.50,4492.00,49
1609459205124103,4491.50,4492.50,49
1609459205133637,4491.75,4492.25,11
1609459205134238,4491.75,4492.25,333
1609459205141973,4492.00,4492.00,24
1609459205151634,4492.00,4492.50,31
1609459205159997,4492.00,4492.00,1
1609459205163911,4492.00,4492.50,47
1609459205166629,4492.50,4492.50,8
1609459205175909,4492.50,4493.00,171
1609459205183831,4493.00,4493.00,71
1609459205187628,4492.50,4493.00,2
1609459205191016,4492.50,4493.00,24
1609459205198465,4493.00,4493.00,52
1609459205200157,4493.00,4493.50,88
1609459205204472,4493.00,4493.50,23
1609459205210674,4493.00,4493.50,90
1609459205219140,4492.50,4493.50,12
1609459205225790,4492.50,4493.50,33
1609459205233689,4493.00,4493.50,106
1609459205240897,4493.00,4493.00,51
1609459205244363,4492.50,4493.00,46
1609459205246302,4492.50,4493.00,20
1609459205248159,4492.50,4493.00,11
1609459205250801,4492.50,4493.00,13
1609459205252897,4492.50,4493.00,49
1609459205253540,4493.00,4493.00,9
1609459205256490,4493.00,4493.00,174
1609459205256796,4493.00,4493.50,86
1609459205258201,4492.75,4493.25,31
1609459205266093,4492.50,4493.00,45
1609459205275640,4493.00,4493.00,53
1609459205279974,4492.50,4493.00,127
1609459205289748,4492.50,4493.00,24
1609459205291527,4492.25,4492.75,120
1609459205298405,4492.50,4493.00,9
1609459205308233,4492.25,4492.75,34
1609459205310159,4492.00,4492.50,116
1609459205318995,4492.00,4493.00,74
1609459205326065,4492.50,4492.50,2
1609459205334746,4492.00,4493.00,32
1609459205340993,4492.00,4493.00,119
1609459205350433,4492.00,4492.50,32
1609459205354243,4492.50,4492.50,45
1609459205363152,4492.50,4492.50,61
1609459205363269,4492.50,4492.50,1
1609459205366635,4492.50,4492.50,22
1609459205369171,4492.25,4492.75,15
1609459205377955,4492.50,4492.50,16
1609459205384467,4492.50,4493.00,76
1609459205392372,4492.25,4492.75,33
1609459205397397,4492.25,4492.75,25
1609459205399660,4492.50,4493.00,68
1609459205406978,4492.50,4493.50,5
1609459205415307,4493.00,4493.00,39
1609459205416160,4492.25,4493.25,1
1609459205417653,4493.00,4493.00,45
1609459205419098,4492.50,4493.00,4
1609459205419717,4492.50,4493.50,25
1609459205428254,4492.25,4493.25,2
1609459205431126,4492.50,4493.00,11
1609459205439616,4492.50,4492.50,45
1609459205448068,4492.25,4492.75,56
1609459205453962,4492.00,4492.50,8
1609459205458483,4492.50,4492.50,25
1609459205468086,4492.00,4492.50,60
1609459205469564,4492.00,4492.50,40
1609459205479115,4491.75,4492.75,16
1609459205489050,4492.50,4492.50,25
1609459205489127,4492.00,4492.50,5
1609459205490313,4492.00,4492.50,6
1609459205498723,4492.00,4493.00,83
1609459205508143,4492.00,4492.50,23
1609459205516067,4492.25,4492.75,162
1609459205523585,4492.00,4493.00,99
1609459205531482,4492.00,4492.50,50
1609459205535093,4492.00,4492.50,18
1609459205540879,4492.00,4492.50,89
1609459205544947,4492.00,4492.00,69
1609459205550551,4491.50,4492.00,32
1609459205556344,4491.25,4491.75,10
1609459205559460,4491.50,4491.50,66
1609459205563809,4491.00,4491.50,14
1609459205569643,4491.00,4491.00,126
1609459205577715,4490.75,4491.25,38
1609459205578408,4491.00,4491.50,18
1609459205587821,4491.50,4491.50,208
1609459205596196,4491.00,4491.50,42
1609459205597084,4491.00,4491.50,140
1609459205597618,4491.00,4491.50,57
1609459205600482,4491.00,4491.50,36
1609459205605654,4491.00,4491.50,11
1609459205615174,4491.00,4491.00,98
1609459205618241,4491.00,4491.00,31
1609459205623863,4491.00,4491.00,11
1609459205629963,4491.00,4491.00,29
1609459205639325,4490.50,4491.00,12
1609459205640962,4490.50,4491.50,40
1609459205647203,4490.50,4491.00,67
1609459205654953,4491.00,4491.00,34
1609459205663424,4491.00,4491.00,33
1609459205667536,4490.75,4491.25,25
1609459205670213,4490.50,4491.00,32
1609459205671791,4490.50,4491.00,22
1609459205680972,4490.50,4491.00,21
1609459205687719,4490.00,4491.00,164
1609459205690979,4490.25,4490.75,38
1609459205695643,4490.25,4490.75,33
1609459205702966,4490.50,4491.00,16
1609459205705340,4490.75,4491.25,131
1609459205712252,4490.75,4491.25,94
1609459205713421,4490.50,4491.00,18
1609459205718195,4490.75,4491.25,25
1609459205725485,4491.00,4491.50,68
1609459205734021,4491.50,4491.50,10
1609459205734400,4491.00,4491.50,14
1609459205735712,4491.00,4491.00,5
1609459205743465,4491.00,4491.00,25
1609459205744829,4490.50,4491.00,4
1609459205751217,4490.50,4491.00,16
1609459205753289,4490.00,4491.00,1
1609459205759136,4490.50,4491.00,32
1609459205767993,4490.75,4491.25,7
1609459205776829,4490.50,4491.00,49
1609459205786070,4490.50,4491.00,38
1609459205791759,4490.50,4491.00,4
1609459205796804,4490.50,4491.00,18
1609459205796806,4490.50,4491.00,7
1609459205801505,4490.50,4491.00,127
1609459205809322,4490.25,4490.75,79
1609459205819104,4490.00,4490.50,23
1609459205825850,4490.50,4490.50,14
1609459205832236,4490.50,4491.00,4
1609459205836161,4490.50,4491.00,47
1609459205840616,4490.25,4490.75,82
1609459205847382,4490.00,4490.50,7
1609459205849191,4490.00,4490.50,15
1609459205857252,4490.00,4490.00,2
1609459205866017,4489.25,4490.25,16
1609459205868066,4489.75,4490.25,13
1609459205870535,4489.50,4490.00,27
1609459205878701,4490.00,4490.00,78
1609459205884112,4489.50,4490.00,7
1609459205888479,4490.00,4490.00,31
1609459205891628,4490.00,4490.50,24
1609459205891835,4489.75,4490.25,14
1609459205899093,4489.25,4490.25,11
1609459205900633,4489.25,4490.25,32
1609459205905747,4490.00,4490.00,65
1609459205914752,4490.00,4490.00,50
1609459205918008,4490.00,4490.00,54
1609459205919859,4489.50,4490.00,1
1609459205924383,4489.50,4490.00,13
1609459205925072,4489.50,4490.00,58
1609459205927612,4489.50,4490.00,8
1609459205929110,4489.50,4490.00,174
1609459205930094,4489.25,4489.75,60
1609459205931854,4489.00,4489.50,199
1609459205937545,4489.50,4489.50,10
1609459205943735,4489.50,4489.50,114
1609459205951687,4489.50,4490.00,39
1609459205959717,4489.50,4489.50,21
1609459205967392,4489.00,4489.50,122
1609459205976478,4488.75,4489.25,29
1609459205980793,4489.00,4489.00,74
1609459205989083,4489.00,4489.00,1
1609459205995049,4489.00,4489.50,63
1609459206003880,4489.50,4489.50,57
1609459206012916,4489.00,4489.50,26
1609459206018193,4488.75,4489.25,3
1609459206020320,4488.50,4489.00,5
1609459206023460,4488.25,4488.75,90
1609459206031487,4488.25,4488.75,14
1609459206037490,4488.00,4488.50,1
1609459206040910,4488.00,4488.50,89
1609459206048579,4488.50,4488.50,40
1609459206055394,4488.50,4489.00,3
1609459206059750,4488.50,4489.00,89
1609459206061027,4488.50,4489.50,5
1609459206064812,4489.00,4489.00,37
1609459206068888,4488.50,4489.50,40
1609459206078033,4489.00,4489.00,50
1609459206083898,4488.75,4489.25,27
1609459206085604,4488.50,4489.00,25
1609459206091134,4488.50,4489.00,45
1609459206096907,4488.75,4489.25,288
1609459206102998,4488.75,4489.25,87
1609459206108298,4488.75,4489.25,12
1609459206117314,4489.00,4489.50,163
1609459206124646,4489.50,4489.50,1
1609459206129307,4489.25,4489.75,251
1609459206134253,4488.75,4489.75,12
1609459206139413,4488.50,4489.50,58
1609459206143935,4489.00,4489.50,42
1609459206153301,4489.00,4489.00,21
1609459206155569,4488.50,4489.00,14
1609459206159768,4489.00,4489.00,25
1609459206163331,4489.00,4489.50,78
1609459206166164,4489.00,4489.50,60
1609459206167727,4489.00,4489.50,65
1609459206177169,4489.00,4489.50,127
1609459206182648,4489.00,4489.50,26
1609459206184623,4489.50,4489.50,52
1609459206194492,4489.50,4490.00,50
1609459206195379,4489.50,4490.00,38
1609459206197830,4489.50,4490.00,8
1609459206204267,4489.75,4490.25,42
1609459206205743,4489.50,4490.00,25
1609459206207909,4489.50,4490.00,68
1609459206216890,4489.50,4490.00,34
1609459206219027,4490.00,4490.00,11
1609459206225504,4490.00,4490.00,47
1609459206234094,4489.50,4490.00,74
1609459206239393,4489.50,4490.00,5
1609459206246170,4489.50,4490.00,19
1609459206255901,4489.50,4490.00,9
1609459206261631,4489.25,4490.25,29
1609459206264021,4489.50,4490.00,13
1609459206270146,4489.25,4489.75,4
1609459206271040,4489.00,4489.50,7
1609459206275754,4488.75,4489.25,5
1609459206283128,4489.00,4489.00,67
1609459206286600,4488.50,4489.00,14
1609459206294514,4488.25,4489.25,59
1609459206294816,4488.50,4489.00,37
1609459206299002,4488.50,4488.50,77
1609459206303447,4488.00,4488.50,1
1609459206309815,4488.00,4488.50,122
1609459206315717,4488.50,4488.50,101
1609459206322050,4488.00,4488.50,187
1609459206323682,4488.50,4488.50,45
1609459206325125,4488.00,4488.50,30
1609459206325478,4487.50,4488.50,18
1609459206333506,4488.00,4488.00,21
1609459206339272,4488.00,4488.00,276
1609459206347485,4487.50,4488.00,14
1609459206353829,4487.50,4488.50,1
1609459206362922,4488.00,4488.50,20
1609459206369359,4488.00,4488.50,24
1609459206373086,4488.00,4488.50,27
1609459206378205,4488.50,4488.50,39
1609459206381593,4488.25,4488.75,57
1609459206384908,4488.50,4489.00,61
1609459206393491,4489.00,4489.00,119
1609459206395870,4488.75,4489.25,8
1609459206396982,4488.50,4489.50,6
1609459206402186,4489.00,4489.50,1
1609459206407408,4489.50,4489.50,26
1609459206414667,4489.50,4490.00,50
1609459206419153,4489.50,4489.50,7
1609459206419583,4489.50,4490.00,15
1609459206428874,4489.50,4490.00,13
1609459206429302,4489.50,4490.00,32
1609459206437533,4490.00,4490.00,52
1609459206440548,4490.00,4490.50,7
1609459206443715,4490.00,4490.00,173
1609459206448137,4490.00,4490.50,55
1609459206451461,4490.50,4490.50,130
1609459206458659,4490.50,4491.00,19
1609459206466156,4491.00,4491.00,74
1609459206476117,4491.00,4491.50,18
1609459206485488,4491.00,4491.50,104
1609459206486119,4491.00,4491.50,87
1609459206486814,4491.50,4491.50,38
1609459206487458,4491.25,4491.75,49
1609459206488266,4491.00,4491.50,107
1609459206492951,4491.00,4491.50,47
1609459206493845,4491.00,4491.50,31
1609459206501246,4490.75,4491.25,9
1609459206510838,4491.00,4491.50,7
1609459206517614,4491.00,4491.50,30
1609459206520923,4491.50,4491.50,19
1609459206523610,4491.50,4492.00,6
1609459206530973,4491.50,4492.00,61
1609459206539357,4491.50,4492.00,39
1609459206540077,4491.50,4492.50,41
1609459206542537,4491.50,4492.00,73
1609459206543378,4491.50,4492.00,73
1609459206550690,4491.50,4491.50,114
1609459206554014,4491.00,4491.50,1
1609459206562168,4491.25,4491.75,1
1609459206570253,4491.00,4491.50,32
1609459206576973,4491.00,4491.50,1
1609459206585941,4490.75,4491.25,85
1609459206589343,4490.50,4491.00,52
1609459206589945,4490.50,4490.50,43
1609459206599830,4490.00,4490.50,2
1609459206606662,4490.50,4490.50,16
1609459206616410,4490.25,4490.75,169
1609459206625896,4490.50,4490.50,73
1609459206631186,4490.50,4490.50,3
1609459206638188,4490.50,4491.00,31
1609459206640188,4490.50,4491.00,37
1609459206648784,4490.50,4490.50,2
1609459206658146,4490.50,4491.00,217
1609459206666071,4490.75,4491.25,77
1609459206670777,4490.50,4491.50,15
1609459206680201,4491.00,4491.50,6
1609459206689420,4491.00,4491.50,34
1609459206692368,4491.50,4491.50,17
1609459206695540,4491.00,4491.50,49
1609459206697473,4491.50,4491.50,47
1609459206704267,4491.50,4491.50,41
1609459206707746,4491.00,4491.50,16
1609459206708858,4491.00,4491.50,19
1609459206708959,4491.00,4491.00,25
1609459206718281,4491.00,4491.00,9
1609459206723697,4491.00,4491.50,32
1609459206731472,4491.25,4491.75,32
1609459206739019,4491.50,4492.00,20
1609459206745802,4492.00,4492.00,36
1609459206755059,4492.00,4492.50,38
1609459206758472,4492.00,4492.50,123
1609459206764266,4492.00,4492.00,91
1609459206769823,4492.00,4492.50,92
1609459206779178,4492.00,4492.50,6
1609459206784229,4492.50,4492.50,1
1609459206791010,4492.00,4492.50,23
1609459206795969,4492.00,4492.00,5
1609459206796582,4492.00,4492.50,29
1609459206796991,4492.00,4493.00,8
1609459206802564,4492.50,4493.00,37
1609459206807928,4492.00,4493.00,86
1609459206816385,4492.50,4492.50,64
1609459206823912,4492.00,4493.00,6
1609459206829008,4492.50,4493.00,45
1609459206830435,4492.50,4493.00,5
1609459206835555,4492.25,4492.75,50
1609459206838994,4492.50,4492.50,16
1609459206844223,4492.50,4493.00,15
1609459206846804,4492.50,4492.50,48
1609459206855227,4492.00,4492.50,39
1609459206859668,4491.75,4492.25,16
1609459206863680,4491.50,4492.00,111
1609459206872537,4491.50,4492.00,31
1609459206873364,4491.50,4491.50,27
1609459206876297,4491.50,4492.00,49
1609459206883602,4491.50,4492.00,85
1609459206892343,4491.00,4492.00,72
1609459206901646,4491.00,4491.50,126
1609459206909319,4491.00,4491.00,51
1609459206916945,4490.50,4491.50,7
1609459206921173,4491.00,4491.50,60
1609459206926586,4491.00,4492.00,30
1609459206927082,4491.00,4491.50,32
1609459206929881,4491.00,4491.00,42
1609459206938204,4490.50,4491.00,79
1609459206943544,4490.50,4491.00,17
1609459206951097,4490.50,4491.00,48
1609459206960075,4490.50,4490.50,3
1609459206963487,4490.50,4491.00,76
1609459206970620,4490.50,4491.00,59
1609459206973456,4490.50,4491.00,133
1609459206982864,4491.00,4491.00,45
1609459206988195,4490.50,4491.50,9
1609459206994844,4490.50,4491.00,84
1609459207001053,4490.50,4491.00,3
1609459207004619,4490.50,4491.50,116
1609459207004623,4491.00,4491.50,30
1609459207009399,4491.00,4491.50,10
1609459207014587,4490.75,4491.25,56
1609459207021710,4491.00,4491.50,231
1609459207031258,4490.50,4491.50,25
1609459207033348,4491.00,4491.50,115
1609459207034219,4490.75,4491.25,192
1609459207036017,4491.00,4491.50,13
1609459207045687,4491.00,4491.50,24
1609459207051939,4491.00,4491.50,9
1609459207054218,4491.00,4491.00,129
1609459207061054,4490.25,4491.25,55
1609459207063255,4490.25,4490.75,7
1609459207071230,4490.00,4491.00,7
1609459207073479,4490.50,4490.50,30
1609459207083382,4490.50,4491.00,30
1609459207090331,4490.50,4491.00,21
1609459207093376,4490.50,4491.00,34
1609459207097255,4491.00,4491.00,130
1609459207106698,4490.50,4491.50,41
1609459207112737,4490.50,4491.00,58
1609459207115065,4490.75,4491.25,98
1609459207119644,4491.00,4491.00,110
1609459207121094,4490.50,4491.00,54
1609459207122374,4490.50,4491.00,43
1609459207123239,4490.75,4491.25,1
1609459207130678,4491.00,4491.00,66
1609459207137576,4490.50,4491.50,17
1609459207140321,4490.50,4491.00,69
1609459207149557,4490.25,4490.75,43
1609459207158943,4489.75,4490.75,82
1609459207159391,4490.00,4490.00,35
1609459207163944,4489.50,4490.00,16
1609459207168154,4489.50,4489.50,9
1609459207177850,4489.50,4490.00,23
1609459207180724,4489.25,4489.75,33
1609459207189365,4489.50,4490.00,4
1609459207191742,4489.50,4490.00,90
1609459207198508,4490.00,4490.00,29
1609459207201249,4489.50,4490.00,21
1609459207205581,4490.00,4490.00,9
1609459207212115,4490.00,4490.00,148
1609459207220840,4489.50,4490.00,24
1609459207225143,4489.00,4490.00,1
1609459207232497,4489.50,4489.50,37
1609459207233170,4489.00,4489.50,21
1609459207240245,4489.00,4489.50,15
1609459207244675,4489.00,4489.00,53
1609459207251084,4488.75,4489.25,13
1609459207260730,4489.00,4489.50,56
1609459207263678,4489.00,4489.50,1
1609459207264792,4489.00,4489.00,5
1609459207272099,4488.75,4489.25,14
1609459207272657,4488.50,4489.00,139
1609459207276210,4488.75,4489.25,61
1609459207278176,4488.50,4489.00,23
1609459207287451,4489.00,4489.00,5
1609459207290470,4488.50,4489.00,137
1609459207297900,4489.00,4489.00,27
1609459207303199,4488.50,4489.00,16
1609459207304222,4488.50,4489.00,3
1609459207308559,4488.50,4488.50,194
1609459207311847,4488.50,4488.50,33
1609459207314205,4488.50,4488.50,47
1609459207315946,4488.50,4489.00,5
1609459207317141,4488.25,4488.75,75
1609459207317449,4488.50,4489.00,51
1609459207318069,4488.50,4489.00,60
1609459207324481,4488.50,4489.00,140
1609459207332521,4488.50,4489.00,65
1609459207333670,4488.50,4489.00,154
1609459207341569,4488.25,4488.75,238
1609459207347033,4488.50,4488.50,50
1609459207348519,4488.00,4489.00,20
1609459207356050,4488.50,4489.00,11
1609459207365135,4488.50,4488.50,10
1609459207371527,4488.50,4489.00,22
1609459207372918,4489.00,4489.00,10
1609459207373503,4488.50,4489.00,44
1609459207381519,4488.50,4489.00,51
1609459207389706,4488.50,4489.00,29
1609459207389975,4488.50,4488.50,77
1609459207390677,4488.50,4488.50,53
1609459207399248,4488.25,4488.75,103
1609459207401689,4488.50,4489.00,3
1609459207404009,4488.50,4489.00,118
1609459207404760,4488.25,4488.75,1
1609459207405579,4488.50,4489.00,5
1609459207408376,4489.00,4489.00,85
1609459207410247,4488.75,4489.25,12
1609459207413568,4488.50,4489.50,201
1609459207420155,4488.50,4489.50,42
1609459207422406,4488.50,4489.50,11
1609459207423153,4489.00,4489.00,6
1609459207425468,4489.00,4489.50,23
1609459207428172,4489.00,4489.50,2
1609459207429810,4489.25,4489.75,23
1609459207432395,4489.00,4489.50,1
1609459207435335,4489.25,4489.75,45
1609459207439984,4489.00,4490.00,74
1609459207442064,4489.00,4489.50,37
1609459207448815,4489.00,4489.00,58
1609459207458585,4488.50,4489.00,150
1609459207463520,4488.50,4489.00,13
1609459207465446,4488.50,4489.50,48
1609459207474289,4489.00,4489.00,49
1609459207477699,4488.50,4489.00,79
1609459207485472,4488.50,4489.00,127
1609459207486358,4488.50,4489.00,28
1609459207491836,4488.50,4489.00,30
1609459207493547,4488.50,4489.50,9
1609459207494024,4489.00,4489.00,112
1609459207501312,4489.00,4489.00,11
1609459207506649,4488.50,4489.00,12
1609459207510534,4488.50,4489.50,23
1609459207514150,4488.50,4489.00,2
1609459207521292,4488.00,4489.00,30
1609459207527639,4488.50,4488.50,10
1609459207533515,4488.50,4489.00,6
1609459207542833,4488.50,4488.50,95
1609459207550347,4488.25,4488.75,12
1609459207555183,4488.25,4488.75,50
1609459207557968,4488.25,4488.75,13
1609459207564714,4488.50,4489.00,272
1609459207574407,4488.50,4489.00,1
1609459207581422,4489.00,4489.00,19
1609459207590916,4488.50,4489.00,146
1609459207600316,4489.00,4489.00,2
1609459207608028,4489.00,4489.50,27
1609459207614489,4489.00,4489.50,86
1609459207621902,4489.00,4489.50,69
1609459207628565,4489.50,4489.50,17
1609459207630052,4489.00,4489.50,8
1609459207637577,4489.25,4489.75,1
1609459207645030,4489.50,4489.50,60
1609459207648061,4489.50,4490.00,31
1609459207648084,4490.00,4490.00,111
1609459207653539,4490.00,4490.00,69
1609459207662427,4490.00,4490.00,57
1609459207667928,4490.00,4490.50,145
1609459207673892,4490.50,4490.50,22
1609459207674562,4490.50,4490.50,40
1609459207675660,4490.25,4490.75,7
1609459207681148,4490.00,4490.50,32
1609459207690653,4490.25,4490.75,69
1609459207694347,4490.00,4491.00,35
1609459207701277,4490.00,4490.50,21
1609459207709244,4490.00,4490.50,31
1609459207717959,4490.00,4490.50,17
1609459207723991,4490.00,4491.00,82
1609459207725067,4490.00,4490.50,4
1609459207731468,4490.50,4490.50,156
1609459207733260,4490.00,4490.50,8
1609459207735726,4490.25,4490.75,49
1609459207740530,4490.25,4490.75,134
1609459207748295,4490.50,4490.50,51
1609459207753072,4490.00,4490.50,80
1609459207761586,4490.00,4490.50,20
1609459207766933,4490.00,4490.50,37
1609459207775920,4490.00,4490.50,7
1609459207780942,4490.00,4490.00,33
1609459207785663,4490.00,4490.50,21
1609459207793133,4490.25,4490.75,8
1609459207801904,4489.75,4490.75,91
1609459207804419,4490.00,4490.00,253
1609459207813833,4489.50,4490.00,10
1609459207823049,4489.75,4490.25,190
1609459207825473,4489.75,4490.25,8
1609459207830414,4489.50,4490.00,133
1609459207832796,4489.50,4490.50,8
1609459207841745,4490.00,4490.50,61
1609459207849510,4490.00,4491.00,70
1609459207858910,4490.25,4490.75,65
1609459207866154,4490.50,4490.50,32
1609459207866811,4490.00,4490.50,18
1609459207873392,4490.00,4490.50,22
1609459207878740,4489.75,4490.25,43
1609459207882380,4490.00,4490.50,10
1609459207883750,4490.00,4490.50,55
1609459207885182,4490.50,4490.50,33
1609459207895065,4490.00,4491.00,119
1609459207900981,4490.25,4490.75,27
1609459207907308,4490.50,4490.50,21
1609459207914609,4490.50,4491.00,65
1609459207921888,4491.00,4491.00,29
1609459207924572,4490.75,4491.75,27
1609459207931359,4490.75,4491.25,4
1609459207934764,4490.50,4491.50,37
1609459207940260,4490.25,4491.25,70
1609459207941710,4490.25,4490.75,15
1609459207944576,4490.25,4490.75,70
1609459207946820,4490.00,4490.50,17
1609459207954858,4489.50,4490.50,89
1609459207959838,4489.75,4490.25,12
1609459207959879,4489.50,4490.00,51
1609459207967622,4489.25,4489.75,16
1609459207970561,4489.25,4489.75,14
1609459207972517,4489.50,4490.00,176
1609459207982330,4489.75,4490.25,41
1609459207986556,4490.00,4490.00,59
1609459207988516,4489.75,4490.25,1
1609459207992769,4489.50,4490.00,19
1609459207994989,4489.50,4490.00,22
1609459208000822,4489.50,4489.50,50
1609459208002081,4489.25,4489.75,10
1609459208003630,4489.50,4489.50,19
1609459208008811,4489.50,4490.00,17
1609459208014751,4489.25,4489.75,86
1609459208014963,4489.00,4489.50,75
1609459208021714,4489.00,4489.50,5
1609459208024247,4489.00,4489.50,79
1609459208033401,4489.00,4489.50,37
1609459208042119,4489.25,4489.75,81
1609459208048957,4489.50,4489.50,85
1609459208049242,4489.50,4489.50,22
1609459208056483,4489.50,4490.00,72
1609459208062088,4489.50,4489.50,68
1609459208064032,4489.00,4489.50,7
1609459208067745,4489.00,4489.50,198
1609459208074706,4489.00,4489.50,4
1609459208082641,4489.50,4489.50,5
1609459208091054,4489.50,4489.50,119
1609459208091764,4489.00,4489.50,70
1609459208093793,4489.50,4489.50,115
1609459208096821,4489.50,4489.50,7
1609459208101366,4489.50,4490.00,8
1609459208109569,4489.75,4490.25,35
1609459208110689,4489.50,4490.00,1
1609459208114245,4489.50,4490.50,9
1609459208123046,4489.50,4490.00,129
1609459208131307,4490.00,4490.00,59
1609459208134341,4489.50,4490.50,9
1609459208140155,4490.00,4490.50,36
1609459208146833,4489.50,4490.50,6
1609459208148641,4490.00,4490.00,22
1609459208153365,4490.00,4490.00,19
1609459208155261,4490.00,4490.00,66
1609459208162535,4489.50,4490.00,209
1609459208169547,4489.50,4489.50,91
1609459208177341,4489.50,4490.00,1
1609459208185397,4489.50,4490.00,36
1609459208186790,4489.50,4489.50,59
1609459208188457,4489.50,4490.00,9
1609459208194417,4490.00,4490.00,45
1609459208201041,4489.50,4490.00,64
1609459208205605,4489.75,4490.25,45
1609459208212163,4489.75,4490.25,149
1609459208220102,4490.00,4490.00,30
1609459208222104,4489.50,4490.00,49
1609459208224310,4489.25,4489.75,88
1609459208232472,4489.00,4490.00,24
1609459208237829,4489.00,4489.50,5
1609459208239083,4489.00,4489.50,33
1609459208246719,4488.75,4489.25,33
1609459208251007,4488.50,4489.50,38
1609459208251297,4489.00,4489.50,28
1609459208253249,4489.00,4489.50,23
1609459208260781,4489.00,4489.00,53
1609459208265747,4489.00,4489.50,28
1609459208270867,4489.50,4489.50,5
1609459208278905,4489.25,4489.75,42
1609459208286703,4489.50,4489.50,2
1609459208291019,4489.00,4490.00,47
1609459208296799,4489.50,4490.00,3
1609459208306474,4489.00,4490.00,21
1609459208316042,4489.00,4489.50,20
1609459208317637,4488.75,4489.75,26
1609459208318562,4489.00,4489.50,52
1609459208328271,4488.75,4489.25,101
1609459208330147,4489.00,4489.00,19
1609459208337699,4489.00,4489.00,36
1609459208344600,4488.50,4489.00,44
1609459208349786,4488.50,4489.00,42
1609459208357788,4488.25,4488.75,20
1609459208366026,4488.50,4489.00,9
1609459208370934,4488.50,4489.00,34
1609459208372169,4488.75,4489.25,16
1609459208372948,4488.50,4489.00,81
1609459208374455,4488.75,4489.25,44
1609459208378934,4488.50,4489.00,32
1609459208382371,4488.50,4489.00,86
1609459208390640,4489.00,4489.00,38
1609459208393919,4489.00,4489.00,36
1609459208402891,4488.50,4489.00,60
1609459208405948,4488.50,4489.00,163
1609459208413605,4488.25,4488.75,82
1609459208420712,4488.50,4489.00,3
1609459208424000,4488.50,4489.00,8
1609459208428920,4489.00,4489.00,98
1609459208429976,4488.50,4489.50,15
1609459208434679,4489.00,4489.00,45
1609459208441329,4488.50,4489.00,1
1609459208446417,4488.50,4489.00,28
1609459208447024,4488.50,4488.50,1
1609459208451576,4488.50,4488.50,95
1609459208459537,4488.50,4489.00,113
1609459208464681,4488.50,4489.00,115
1609459208471350,4488.75,4489.25,108
1609459208477853,4489.00,4489.50,7
1609459208479687,4489.00,4489.50,6
1609459208489197,4489.00,4490.00,14
1609459208490676,4489.00,4489.50,82
1609459208496072,4489.25,4489.75,81
1609459208499938,4489.50,4490.00,5
1609459208503446,4490.00,4490.00,14
1609459208513105,4489.50,4490.00,60
1609459208514956,4489.50,4490.00,57
1609459208519507,4489.50,4490.50,22
1609459208525533,4490.00,4490.50,170
1609459208535459,4489.75,4490.25,80
1609459208536355,4489.75,4490.25,13
1609459208545411,4489.75,4490.25,60
1609459208547411,4490.00,4490.00,29
1609459208547540,4490.00,4490.50,190
1609459208551727,4490.00,4490.50,70
1609459208556600,4489.50,4490.50,123
1609459208561797,4490.00,4490.50,26
1609459208562353,4490.00,4490.00,75
1609459208570409,4490.00,4490.00,91
1609459208577330,4490.00,4490.50,86
1609459208581606,4490.00,4490.50,46
1609459208590580,4490.50,4490.50,1
1609459208591434,4490.50,4490.50,29
1609459208593664,4490.00,4490.50,18
1609459208603099,4490.00,4490.00,36
1609459208605231,4490.00,4490.50,78
1609459208610465,4490.00,4490.50,7
1609459208613308,4490.00,4490.50,80
1609459208616563,4490.00,4490.00,25
1609459208622746,4490.00,4490.50,12
1609459208623123,4490.25,4490.75,49
1609459208624581,4490.50,4491.00,60
1609459208627346,4490.25,4490.75,45
1609459208629792,4490.00,4490.50,147
1609459208631715,4489.75,4490.25,74
1609459208639149,4490.00,4490.50,12
1609459208642478,4489.50,4490.50,76
1609459208647196,4490.00,4490.50,28
1609459208650582,4489.75,4490.75,16
1609459208653685,4490.00,4490.50,7
1609459208658440,4490.50,4490.50,29
1609459208662509,4490.25,4490.75,30
1609459208662679,4490.00,4491.00,183
1609459208669193,4490.25,4490.75,61
1609459208678978,4490.00,4490.50,3
1609459208684432,4490.50,4490.50,21
1609459208694367,4490.25,4491.25,45
1609459208695113,4490.25,4490.75,23
1609459208701580,4490.50,4490.50,111
1609459208702254,4490.50,4490.50,35
1609459208707812,4490.50,4491.00,19
1609459208716503,4490.50,4491.00,18
1609459208718599,4490.25,4491.25,16
1609459208724507,4491.00,4491.00,104
1609459208728829,4491.00,4491.00,9
1609459208736879,4491.00,4491.50,95
1609459208744088,4491.00,4491.00,13
1609459208744676,4491.00,4491.00,31
1609459208746577,4491.00,4491.50,2
1609459208752419,4491.25,4491.75,30
1609459208754263,4491.50,4492.00,6
1609459208755797,4491.50,4491.50,90
1609459208764133,4491.50,4492.00,54
1609459208767613,4491.25,4492.25,37
1609459208776965,4491.00,4492.00,14
1609459208785127,4491.00,4492.00,1
1609459208787126,4491.25,4491.75,151
1609459208792427,4491.00,4491.50,88
1609459208800289,4490.75,4491.75,45
1609459208800385,4491.00,4491.50,48
1609459208807809,4491.00,4491.50,66
1609459208817135,4490.50,4491.50,80
1609459208821771,4491.00,4491.00,3
1609459208831639,4491.00,4491.00,9
1609459208838175,4490.50,4491.00,8
1609459208844768,4490.25,4490.75,53
1609459208846744,4490.00,4490.50,66
1609459208851825,4490.25,4490.75,22
1609459208853400,4490.50,4491.00,33
1609459208859759,4490.50,4491.00,27
1609459208866682,4490.75,4491.25,28
1609459208873662,4490.50,4491.00,181
1609459208877336,4490.50,4491.00,133
1609459208885975,4490.50,4491.00,17
1609459208893141,4490.00,4491.00,17
1609459208895235,4490.50,4490.50,14
1609459208902243,4490.00,4490.50,3
1609459208902982,4490.00,4490.50,26
1609459208910595,4490.00,4490.50,14
1609459208914771,4490.00,4490.50,1
1609459208922355,4490.00,4490.00,24
1609459208923720,4489.75,4490.25,18
1609459208931175,4490.00,4490.50,82
1609459208936768,4490.00,4491.00,10
1609459208939801,4489.75,4490.75,15
1609459208941544,4490.00,4490.50,25
1609459208941762,4490.00,4490.00,58
1609459208951624,4490.00,4490.50,83
1609459208957535,4489.75,4490.75,56
1609459208962494,4490.00,4490.00,10
1609459208962755,4490.00,4490.00,1
1609459208970638,4489.75,4490.25,28
1609459208979463,4489.50,4490.00,31
1609459208987229,4489.50,4490.00,116
1609459208994525,4490.00,4490.00,98
1609459209004114,4489.50,4490.00,88
1609459209010533,4489.50,4489.50,49
1609459209017608,4489.50,4490.00,66
1609459209027371,4489.50,4490.50,1
1609459209033920,4489.75,4490.25,47
1609459209041914,4489.50,4490.00,1
1609459209051358,4489.50,4490.00,111
1609459209058193,4490.00,4490.00,48
1609459209063875,4490.00,4490.00,8
1609459209067025,4490.00,4490.00,35
1609459209076654,4490.00,4490.50,46
1609459209084330,4490.00,4490.00,62
1609459209091160,4490.00,4490.50,66
1609459209098899,4490.00,4491.00,48
1609459209103527,4490.50,4490.50,32
1609459209106367,4490.00,4490.50,5
1609459209113183,4490.50,4490.50,13
1609459209122307,4490.00,4490.50,106
1609459209128157,4490.00,4490.50,98
1609459209136406,4490.00,4490.00,28
1609459209140121,4489.50,4490.00,14
1609459209145697,4489.75,4490.25,73
1609459209154824,4489.50,4490.00,58
1609459209163269,4489.50,4490.00,2
1609459209170443,4489.50,4490.50,70
1609459209172178,4490.00,4490.50,97
1609459209173848,4490.50,4490.50,5
1609459209175783,4490.50,4491.00,8
1609459209180570,4490.75,4491.25,34
1609459209182197,4490.50,4491.00,85
1609459209184212,4491.00,4491.00,26
1609459209184320,4490.50,4491.00,20
1609459209192595,4490.50,4490.50,62
1609459209199395,4490.25,4490.75,8
1609459209208073,4490.50,4490.50,80
1609459209214847,4490.50,4491.00,151
1609459209223304,4491.00,4491.00,1
1609459209225690,4491.00,4491.50,36
1609459209226831,4491.00,4491.00,200
1609459209229524,4491.00,4491.00,1
1609459209231998,4491.00,4491.50,49
1609459209240515,4491.50,4491.50,108
1609459209249586,4491.50,4492.00,18
1609459209255225,4491.50,4491.50,37
1609459209257632,4491.50,4492.00,11
1609459209266552,4491.50,4492.00,29
1609459209272209,4491.75,4492.25,25
1609459209275442,4492.00,4492.50,38
1609459209281832,4492.25,4492.75,6
1609459209290693,4492.00,4492.50,40
1609459209299235,4492.00,4492.50,1
1609459209308082,4492.00,4492.50,74
1609459209315009,4492.50,4492.50,3
1609459209321120,4492.00,4492.50,6
1609459209323164,4492.00,4492.50,1
1609459209328718,4492.00,4493.00,225
1609459209337985,4492.50,4493.00,54
1609459209347743,4492.50,4492.50,54
1609459209357128,4492.25,4492.75,36
1609459209361186,4492.00,4492.50,10
1609459209367106,4492.00,4492.50,27
1609459209373858,4492.00,4492.00,109
1609459209381661,4491.50,4492.00,56
1609459209388260,4491.50,4492.00,25
1609459209392581,4491.50,4492.00,282
1609459209400602,4492.00,4492.00,8
1609459209408889,4491.50,4492.00,6
1609459209417298,4492.00,4492.00,11
1609459209425054,4491.50,4492.00,40
1609459209427000,4491.50,4492.00,6
1609459209436368,4491.25,4491.75,6
1609459209441364,4491.50,4492.00,33
1609459209443705,4491.25,4491.75,2
1609459209448705,4491.50,4492.00,85
1609459209456714,4491.25,4491.75,3
1609459209457447,4491.25,4491.75,41
1609459209462982,4491.50,4492.00,63
1609459209472906,4491.50,4491.50,50
1609459209480278,4491.50,4491.50,65
1609459209481742,4491.50,4492.00,26
1609459209485557,4492.00,4492.00,2
1609459209492817,4492.00,4492.50,100
1609459209493224,4492.00,4492.50,61
1609459209502417,4492.00,4492.50,4
1609459209511295,4492.00,4492.50,42
1609459209514399,4492.25,4492.75,1
1609459209523113,4492.00,4492.50,77
1609459209527132,4492.00,4493.00,43
1609459209528519,4492.50,4493.00,25
1609459209529257,4492.50,4493.00,20
1609459209532215,4492.50,4493.00,19
1609459209536429,4492.00,4493.00,39
1609459209541105,4492.00,4492.50,4
1609459209546132,4492.25,4492.75,3
1609459209551462,4492.00,4492.50,17
1609459209553080,4492.00,4492.50,19
1609459209559233,4492.00,4493.00,2
1609459209563159,4492.50,4493.00,33
1609459209571424,4492.50,4493.00,3
1609459209579040,4492.50,4493.00,1
1609459209582870,4493.00,4493.00,40
1609459209592474,4493.00,4493.00,40
1609459209594532,4493.00,4493.00,4
1609459209602732,4492.25,4493.25,23
1609459209605488,4492.75,4493.25,27
1609459209614584,4493.00,4493.00,31
1609459209619324,4493.00,4493.00,3
1609459209627225,4492.50,4493.00,56
1609459209632983,4493.00,4493.00,91
1609459209637593,4492.50,4493.00,41
1609459209642519,4492.25,4492.75,88
1609459209651637,4492.50,4493.00,11
1609459209659908,4493.00,4493.00,57
1609459209665522,4492.50,4493.50,61
1609459209669996,4492.25,4493.25,20
1609459209677530,4493.00,4493.00,122
1609459209679721,4493.00,4493.00,32
1609459209679878,4493.00,4493.00,112
1609459209687890,4493.00,4493.50,77
1609459209689161,4493.00,4493.50,84
1609459209696455,4493.00,4493.50,83
1609459209706307,4493.00,4493.50,73
1609459209706446,4493.00,4493.00,10
1609459209706600,4492.50,4493.00,16
1609459209712463,4492.00,4493.00,49
1609459209716087,4492.00,4492.50,22
1609459209720687,4492.00,4492.50,46
1609459209720804,4491.50,4492.50,25
1609459209725349,4492.00,4492.00,40
1609459209734618,4491.75,4492.25,9
1609459209744255,4491.50,4492.00,15
1609459209753593,4491.50,4492.50,65
1609459209758088,4491.50,4492.00,241
1609459209766820,4491.50,4492.00,107
1609459209766853,4491.75,4492.25,143
1609459209767703,4492.00,4492.50,93
1609459209774370,4491.75,4492.25,31
1609459209780293,4492.00,4492.00,63
1609459209781063,4491.50,4492.00,29
1609459209781148,4491.50,4492.00,106
1609459209781564,4492.00,4492.00,58
1609459209782784,4492.00,4492.50,19
1609459209783814,4492.00,4492.50,32
1609459209784208,4492.00,4492.50,20
1609459209788311,4492.00,4492.00,159
1609459209789203,4492.00,4492.50,13
1609459209790398,4492.25,4492.75,72
1609459209797713,4492.50,4492.50,3
1609459209798260,4492.00,4493.00,59
1609459209800350,4492.00,4492.50,2
1609459209807426,4491.75,4492.25,40
1609459209812258,4492.00,4492.50,48
1609459209818994,4491.75,4492.25,53
1609459209819168,4492.00,4492.00,27
1609459209820828,4491.50,4492.50,76
1609459209828268,4491.75,4492.25,5
1609459209828470,4492.00,4492.00,77
1609459209831643,4492.00,4492.50,35
1609459209837466,4492.00,4492.50,29
1609459209841450,4492.00,4492.00,6
1609459209851027,4491.50,4492.50,70
1609459209856126,4491.75,4492.25,7
1609459209863819,4492.00,4492.00,23
1609459209863952,4491.75,4492.25,7
1609459209867842,4491.50,4492.50,97
1609459209874758,4491.50,4492.50,51
1609459209878056,4492.00,4492.50,55
1609459209885714,4492.00,4492.50,43
1609459209891214,4492.00,4492.50,8
1609459209898658,4492.00,4493.00,34
1609459209898719,4492.25,4492.75,31
1609459209902212,4492.00,4492.50,152
1609459209907644,4492.50,4492.50,25
1609459209907755,4492.50,4492.50,1
1609459209909643,4492.00,4492.50,49
1609459209915540,4492.00,4492.00,11
1609459209918394,4491.50,4492.00,9
1609459209927480,4491.50,4491.50,9
1609459209931770,4491.50,4492.00,56
1609459209937979,4491.50,4492.00,20
1609459209941424,4491.50,4492.00,82
1609459209944232,4491.50,4492.50,303
1609459209951339,4492.00,4492.50,7
1609459209953482,4492.50,4492.50,23
1609459209959614,4492.50,4492.50,50
1609459209960371,4492.50,4493.00,96
1609459209965191,4493.00,4493.00,2
1609459209969780,4493.00,4493.50,172
1609459209977792,4493.00,4493.00,31
1609459209978855,4492.50,4493.00,107
1609459209987198,4492.50,4493.00,9
1609459209993324,4492.50,4493.00,155
1609459210001087,4492.50,4492.50,127
1609459210010655,4492.50,4492.50,112
1609459210018062,4492.50,4493.00,18
1609459210024241,4492.50,4493.00,23
1609459210033262,4492.25,4492.75,17
1609459210041763,4492.25,4492.75,31
1609459210047275,4492.50,4492.50,26
1609459210055427,4492.50,4492.50,9
1609459210059258,4492.00,4492.50,115
1609459210064084,4492.25,4492.75,51
1609459210068613,4492.50,4493.00,3
1609459210069241,4492.50,4493.00,56
1609459210073338,4492.50,4493.00,57
1609459210077835,4492.25,4492.75,7
1609459210086734,4492.50,4493.00,17
1609459210092414,4493.00,4493.00,26
1609459210101916,4493.00,4493.50,53
1609459210104362,4493.50,4493.50,64
1609459210107801,4493.25,4493.75,77
1609459210115481,4493.50,4494.00,78
1609459210120611,4494.00,4494.00,142
1609459210127455,4493.50,4494.00,40
1609459210133595,4493.00,4494.00,18
1609459210133754,4493.25,4493.75,21
1609459210137449,4493.25,4493.75,25
1609459210146258,4493.00,4493.50,41
1609459210146786,4493.50,4493.50,152
1609459210152197,4493.25,4493.75,122
1609459210161600,4493.25,4494.25,11
1609459210168001,4493.50,4493.50,32
1609459210173389,4493.50,4493.50,112
1609459210174917,4493.00,4493.50,9
1609459210184803,4493.00,4493.50,3
1609459210191126,4493.00,4493.00,53
1609459210192273,4493.00,4493.00,1
1609459210197627,4493.00,4493.50,8
1609459210199442,4493.00,4493.00,67
1609459210205816,4493.00,4493.50,6
1609459210209186,4493.00,4493.50,54
1609459210211788,4493.00,4493.50,44
1609459210220021,4493.50,4493.50,11
1609459210222359,4493.00,4494.00,46
1609459210226404,4493.00,4494.00,105
1609459210233944,4493.50,4493.50,4
1609459210241421,4493.00,4494.00,78
1609459210247829,4493.00,4494.00,9
1609459210251911,4493.00,4493.50,28
1609459210258214,4493.50,4493.50,42
1609459210264662,4493.50,4493.50,108
1609459210267250,4493.00,4493.50,17
1609459210268344,4493.00,4493.50,12
1609459210276430,4493.00,4493.50,6
1609459210282472,4493.00,4493.00,72
1609459210287814,4493.00,4493.00,11
1609459210288546,4493.00,4493.00,59
1609459210296114,4492.75,4493.25,96
1609459210302614,4492.50,4493.00,61
1609459210304851,4492.50,4493.00,33
1609459210305969,4492.25,4492.75,62
1609459210313141,4492.00,4492.50,92
1609459210315936,4492.25,4492.75,9
1609459210317971,4492.50,4492.50,4
1609459210318155,4492.50,4492.50,22
1609459210321705,4492.50,4493.00,37
1609459210328948,4492.50,4493.00,83
1609459210330633,4492.50,4493.00,2
1609459210330710,4492.50,4492.50,11
1609459210334802,4492.50,4492.50,4
1609459210341711,4492.00,4492.50,85
1609459210342747,4491.50,4492.50,79
1609459210345498,4492.00,4492.50,35
1609459210350858,4492.00,4492.50,48
1609459210359734,4492.00,4492.50,13
1609459210361469,4492.00,4492.50,25
1609459210366651,4492.00,4492.00,12
1609459210371214,4492.00,4492.00,3
1609459210374795,4491.75,4492.25,34
1609459210376464,4492.00,4492.50,127
1609459210385790,4491.50,4492.50,45
1609459210392157,4491.50,4492.50,59
1609459210397598,4491.50,4492.00,58
1609459210405498,4491.50,4491.50,121
1609459210412853,4491.25,4491.75,13
1609459210422479,4491.50,4492.00,1
1609459210424512,4491.50,4492.00,70
1609459210425813,4491.50,4491.50,17
1609459210428298,4491.25,4491.75,13
1609459210438097,4491.50,4492.00,104
1609459210440297,4491.25,4491.75,71
1609459210448831,4491.50,4492.00,83
1609459210449220,4491.25,4491.75,20
1609459210452593,4491.00,4492.00,54
1609459210456662,4491.50,4492.00,12
1609459210462913,4491.50,4492.00,49
1609459210463972,4492.00,4492.00,10
1609459210466291,4492.00,4492.50,9
1609459210475284,4492.00,4493.00,13
1609459210476565,4492.50,4492.50,8
1609459210479802,4492.00,4492.50,14
1609459210484478,4491.75,4492.75,11
1609459210492362,4491.50,4492.50,25
1609459210495111,4492.00,4492.00,47
1609459210502213,4492.00,4492.50,78
1609459210502538,4492.50,4492.50,4
1609459210507457,4492.50,4492.50,64
1609459210511673,4492.50,4492.50,16
1609459210520884,4492.50,4492.50,7
1609459210528573,4492.00,4492.50,1
1609459210536777,4492.50,4492.50,25
1609459210543590,4492.25,4493.25,23
1609459210551611,4492.25,4493.25,3
1609459210552248,4493.00,4493.00,134
1609459210554909,4492.50,4493.00,14
1609459210560621,4492.50,4493.00,58
1609459210561567,4492.50,4493.00,66
1609459210565538,4492.50,4493.00,22
1609459210566001,4492.50,4493.00,15
1609459210573464,4493.00,4493.00,14
1609459210582940,4493.00,4493.50,1
1609459210584453,4493.00,4493.50,25
1609459210594057,4493.50,4493.50,120
1609459210600987,4493.00,4493.50,58
1609459210609190,4493.25,4493.75,24
1609459210614236,4493.50,4494.00,129
1609459210615693,4493.25,4493.75,79
1609459210618032,4493.00,4493.50,68
1609459210623080,4493.00,4493.00,33
1609459210624668,4492.50,4493.00,37
1609459210629393,4493.00,4493.00,23
1609459210631594,4492.50,4493.00,148
1609459210638978,4492.50,4493.00,11
1609459210641972,4493.00,4493.00,203
1609459210648670,4492.50,4493.50,5
1609459210651392,4492.50,4493.00,6
1609459210652445,4492.50,4493.00,32
1609459210654097,4492.50,4492.50,155
1609459210663640,4492.50,4493.00,11
1609459210663759,4492.50,4493.00,163
1609459210668115,4493.00,4493.00,20
1609459210675152,4492.75,4493.25,21
1609459210680317,4493.00,4493.50,54
1609459210686518,4492.75,4493.75,103
1609459210688160,4492.50,4493.50,25
1609459210690436,4492.50,4493.00,37
1609459210694509,4492.50,4493.00,53
1609459210702295,4492.50,4493.00,1
1609459210707574,4492.50,4492.50,2
1609459210712908,4492.50,4492.50,33
1609459210714242,4492.00,4493.00,141
1609459210722043,4492.50,4493.00,117
1609459210728349,4492.50,4492.50,7
1609459210736870,4492.50,4493.00,63
1609459210737391,4492.25,4492.75,17
1609459210746382,4492.50,4493.00,113
1609459210748278,4492.50,4493.00,13
1609459210751071,4492.75,4493.25,4
1609459210758197,4493.00,4493.50,132
1609459210763547,4493.25,4493.75,12
1609459210767768,4493.00,4494.00,55
1609459210769993,4493.50,4494.00,33
1609459210775446,4493.50,4494.50,72
1609459210785288,4493.50,4494.00,120
1609459210791541,4493.50,4494.00,169
1609459210798701,4494.00,4494.00,6
1609459210800138,4493.50,4494.00,44
1609459210803221,4494.00,4494.00,22
1609459210808356,4494.00,4494.50,1
1609459210809370,4494.00,4494.50,24
1609459210816312,4494.00,4494.50,56
1609459210818382,4494.00,4494.50,12
1609459210824859,4493.50,4494.50,18
1609459210829723,4494.00,4494.50,30
1609459210839578,4493.75,4494.25,94
1609459210840141,4494.00,4494.00,231
1609459210842164,4493.50,4494.00,42
1609459210845699,4493.50,4494.00,23
1609459210851158,4493.25,4493.75,94
1609459210854846,4493.50,4494.00,100
1609459210857780,4493.75,4494.25,17
1609459210860389,4494.00,4494.50,20
1609459210868146,4494.25,4494.75,24
1609459210876795,4494.50,4495.00,128
1609459210885774,4494.50,4495.00,69
1609459210895284,4495.00,4495.00,136
1609459210900266,4495.00,4495.00,7
1609459210908171,4494.50,4495.00,12
1609459210911377,4495.00,4495.00,64
1609459210920809,4494.50,4495.00,97
1609459210926979,4495.00,4495.00,92
1609459210927902,4494.25,4495.25,9
1609459210928762,4494.25,4494.75,20
1609459210935870,4494.50,4495.00,25
1609459210936427,4494.50,4494.50,18
1609459210946195,4494.50,4495.00,23
1609459210947664,4494.50,4495.50,52
1609459210952174,4495.00,4495.00,1
1609459210954085,4494.50,4495.00,55
1609459210962437,4494.25,4494.75,218
1609459210970294,4494.00,4494.50,79
1609459210973262,4493.75,4494.75,60
1609459210978151,4494.00,4494.50,3
1609459210986958,4493.50,4494.50,1
1609459210996069,4494.00,4494.50,37
1609459210997117,4494.00,4494.50,62
1609459210999151,4494.50,4494.50,53
1609459211001074,4494.00,4494.50,9
1609459211010163,4494.00,4494.50,1
1609459211019586,4494.00,4494.00,41
1609459211020160,4493.50,4494.00,17
1609459211029080,4493.00,4494.00,53
1609459211033149,4493.00,4494.00,36
1609459211037957,4493.50,4493.50,43
1609459211043085,4493.00,4494.00,21
1609459211051904,4493.25,4493.75,54
1609459211052637,4493.00,4493.50,17
1609459211056164,4493.25,4493.75,12
1609459211062047,4493.00,4493.50,27
1609459211071056,4493.00,4493.00,116
1609459211077611,4492.50,4493.50,56
1609459211079958,4493.00,4493.00,65
1609459211083115,4493.00,4493.50,52
1609459211091495,4493.00,4493.50,8
1609459211098600,4492.75,4493.75,14
1609459211103026,4493.00,4493.00,39
1609459211104107,4493.00,4493.00,119
1609459211108584,4492.50,4493.00,15
1609459211110189,4492.25,4493.25,23
1609459211111910,4493.00,4493.00,37
1609459211116933,4492.50,4493.50,5
1609459211122650,4493.00,4493.50,40
1609459211132603,4493.00,4493.00,19
1609459211138986,4492.50,4493.00,56
1609459211147698,4492.50,4493.00,25
1609459211157403,4492.50,4492.50,36
1609459211159951,4492.50,4492.50,41
1609459211164332,4492.00,4492.50,183
1609459211168414,4492.00,4492.50,30
1609459211175606,4492.25,4492.75,34
1609459211180126,4492.50,4493.00,63
1609459211183875,4492.50,4493.00,147
1609459211190536,4492.50,4493.50,50
1609459211191793,4493.00,4493.50,9
1609459211192734,4493.00,4493.00,132
1609459211192910,4493.00,4493.50,35
1609459211195146,4493.00,4493.50,309
1609459211203869,4493.00,4493.50,47
1609459211203989,4493.25,4493.75,69
1609459211207991,4493.50,4494.00,126
1609459211216644,4493.50,4494.00,29
1609459211219406,4493.50,4494.00,37
1609459211223094,4493.50,4493.50,7
1609459211228883,4493.50,4494.00,23
1609459211234999,4494.00,4494.00,56
1609459211243832,4494.00,4494.50,17
1609459211251748,4494.00,4494.00,66
1609459211261068,4493.50,4494.50,132
1609459211269515,4494.00,4494.50,31
1609459211277515,4494.00,4494.00,30
1609459211282404,4494.00,4494.00,110
1609459211285455,4494.00,4494.00,28
1609459211288692,4493.50,4494.00,8
1609459211290722,4494.00,4494.00,73
1609459211294821,4493.50,4494.00,17
1609459211301839,4493.75,4494.25,15
1609459211309025,4494.00,4494.00,7
1609459211316136,4493.50,4494.00,61
1609459211317950,4493.50,4493.50,25
1609459211323377,4493.50,4494.00,11
1609459211331230,4493.50,4494.50,6
1609459211339243,4493.75,4494.25,62
1609459211344566,4494.00,4494.50,25
1609459211350937,4493.50,4494.50,78
1609459211353004,4493.50,4494.00,72
1609459211356879,4493.00,4494.00,28
1609459211366662,4493.50,4494.00,17
1609459211374624,4493.50,4493.50,48
1609459211383001,4493.00,4493.50,6
1609459211387319,4493.50,4493.50,85
1609459211390570,4493.25,4493.75,5
1609459211398801,4493.50,4493.50,96
1609459211401238,4493.00,4493.50,1
1609459211404387,4493.50,4493.50,47
1609459211405877,4493.50,4494.00,37
1609459211409669,4493.50,4493.50,3
1609459211416667,4493.50,4493.50,15
1609459211421264,4493.50,4494.00,14
1609459211422044,4493.50,4493.50,54
1609459211427314,4493.00,4493.50,119
1609459211428965,4493.00,4493.50,33
1609459211434442,4493.00,4493.50,1
1609459211443483,4493.50,4493.50,22
1609459211449404,4493.50,4494.00,46
1609459211453308,4493.50,4494.00,24
1609459211455051,4493.25,4493.75,6
1609459211464662,4493.50,4494.00,85
1609459211467823,4493.50,4494.50,3
1609459211476779,4494.00,4494.00,32
1609459211480089,4494.00,4494.00,6
1609459211486941,4494.00,4494.00,104
1609459211496122,4494.00,4494.50,29
1609459211498046,4494.50,4494.50,27
1609459211506302,4494.50,4495.00,16
1609459211508415,4494.00,4495.00,3
1609459211511532,4494.50,4495.00,57
1609459211519945,4495.00,4495.00,69
1609459211526239,4495.00,4495.00,46
1609459211529630,4494.50,4495.00,12
1609459211529776,4494.75,4495.25,30
1609459211538379,4494.50,4495.00,17
1609459211542779,4494.50,4495.00,2
1609459211546682,4494.25,4494.75,142
1609459211551233,4494.50,4495.00,78
1609459211555313,4495.00,4495.00,6
1609459211561006,4494.50,4495.50,19
1609459211570006,4494.50,4495.00,114
1609459211574838,4494.50,4495.00,84
1609459211580663,4494.00,4495.00,9
1609459211580920,4494.00,4495.00,75
1609459211590477,4494.00,4494.50,24
1609459211594694,4494.25,4494.75,40
1609459211601939,4494.00,4494.50,43
1609459211608419,4494.00,4494.00,64
1609459211614459,4493.50,4494.00,34
1609459211621986,4493.00,4494.00,10
1609459211630023,4493.50,4494.00,16
1609459211635105,4493.50,4493.50,25
1609459211645064,4493.00,4493.50,27
1609459211652520,4493.00,4494.00,5
1609459211661151,4493.00,4493.50,1
1609459211662785,4493.00,4493.50,87
1609459211663502,4492.75,4493.25,15
1609459211673327,4492.25,4493.25,158
1609459211675070,4492.50,4493.00,95
1609459211676463,4492.50,4492.50,41
1609459211683743,4492.50,4493.00,32
1609459211687738,4492.25,4492.75,49
1609459211689755,4492.00,4492.50,39
1609459211691436,4492.00,4492.50,7
1609459211695112,4492.00,4492.00,7
1609459211699812,4491.50,4492.00,24
1609459211701654,4491.25,4492.25,12
1609459211706272,4491.50,4492.00,6
1609459211707662,4491.75,4492.25,9
1609459211716354,4492.00,4492.00,27
1609459211721295,4492.00,4492.00,104
1609459211725737,4492.00,4492.50,135
1609459211726989,4492.00,4493.00,190
1609459211729391,4492.50,4492.50,63
1609459211737230,4492.50,4493.00,27
1609459211741793,4492.50,4492.50,6
1609459211748102,4492.50,4492.50,32
1609459211754885,4492.25,4492.75,7
1609459211758914,4492.25,4492.75,38
1609459211766985,4492.00,4493.00,24
1609459211776504,4492.50,4493.00,74
1609459211780098,4493.00,4493.00,1
1609459211780380,4493.00,4493.00,7
1609459211782185,4492.50,4493.00,94
1609459211784469,4492.50,4492.50,95
1609459211791368,4492.00,4492.50,2
1609459211793626,4491.75,4492.25,7
1609459211794058,4492.00,4492.00,2
1609459211795795,4492.00,4492.00,90
1609459211798387,4491.50,4492.00,4
1609459211799650,4491.00,4492.00,26
1609459211802639,4491.50,4491.50,37
1609459211807547,4491.25,4491.75,29
1609459211807764,4491.00,4491.50,106
1609459211808291,4491.00,4491.50,8
1609459211814786,4491.25,4491.75,104
1609459211823866,4491.50,4492.00,42
1609459211828881,4492.00,4492.00,8
1609459211830388,4491.50,4492.50,6
1609459211833860,4492.00,4492.00,24
1609459211843024,4492.00,4492.00,58
1609459211850846,4491.75,4492.25,87
1609459211853547,4491.50,4492.00,27
1609459211857970,4491.50,4491.50,46
1609459211863467,4491.00,4491.50,38
1609459211864538,4491.00,4491.00,120
1609459211867614,4490.75,4491.25,1
1609459211872025,4490.50,4491.00,2
1609459211879952,4490.50,4490.50,143
1609459211880091,4490.50,4491.00,159
1609459211888287,4490.25,4490.75,64
1609459211890410,4490.50,4491.00,26
1609459211898661,4490.00,4491.00,8
1609459211908282,4490.50,4491.00,101
1609459211908895,4490.50,4490.50,31
1609459211910424,4490.50,4491.00,12
1609459211912732,4491.00,4491.00,165
1609459211921192,4491.00,4491.50,37
1609459211926786,4491.00,4491.50,17
1609459211933846,4490.75,4491.25,57
1609459211937764,4490.50,4491.00,3
1609459211940261,4490.25,4491.25,5
1609459211940506,4490.00,4491.00,39
1609459211941935,4490.50,4490.50,9
1609459211946779,4490.00,4490.50,22
1609459211948241,4489.75,4490.25,30
1609459211955995,4490.00,4490.50,29
1609459211958297,4490.00,4491.00,33
1609459211964253,4490.50,4491.00,97
1609459211966367,4490.50,4491.00,48
1609459211971506,4490.50,4491.00,35
1609459211975813,4490.50,4491.50,2
1609459211976748,4491.00,4491.50,86
1609459211976879,4491.00,4491.00,23
1609459211986221,4491.00,4491.00,24
1609459211993795,4491.00,4491.00,31
1609459212002563,4491.00,4491.50,4
1609459212004339,4491.00,4492.00,73
1609459212007608,4491.50,4491.50,20
1609459212017510,4491.25,4491.75,32
1609459212022071,4491.25,4491.75,148
1609459212024456,4491.50,4491.50,1
1609459212034305,4491.50,4492.00,82
1609459212041352,4492.00,4492.00,11
1609459212041728,4492.00,4492.50,15
1609459212044614,4492.00,4492.00,25
1609459212049502,4492.00,4492.50,27
1609459212053010,4492.00,4492.50,88
1609459212054525,4492.50,4492.50,165
1609459212059390,4492.00,4492.50,27
1609459212067181,4492.00,4492.50,168
1609459212074338,4492.00,4492.50,24
1609459212074501,4492.00,4492.50,11
1609459212083979,4492.00,4492.50,214
1609459212089165,4491.50,4492.50,135
1609459212097348,4492.00,4492.50,175
1609459212104007,4491.75,4492.25,222
1609459212106067,4491.75,4492.25,43
1609459212106665,4491.25,4492.25,27
1609459212115613,4491.75,4492.25,12
1609459212119050,4491.75,4492.75,42
1609459212119286,4492.00,4492.50,17
1609459212124316,4492.00,4492.50,60
1609459212131788,4492.00,4492.50,88
1609459212138766,4492.00,4492.50,6
1609459212141647,4492.00,4492.50,40
1609459212144312,4492.00,4492.50,93
1609459212151480,4492.00,4492.50,138
1609459212153106,4492.00,4493.00,5
1609459212153376,4492.50,4492.50,34
1609459212162301,4492.00,4492.50,43
1609459212162836,4492.00,4492.50,11
1609459212170285,4492.00,4492.50,97
1609459212172324,4492.00,4492.50,31
1609459212178809,4492.00,4492.00,12
1609459212183456,4491.50,4492.00,18
1609459212190251,4491.50,4492.00,119
1609459212190787,4491.50,4491.50,23
1609459212199290,4491.50,4492.00,20
1609459212208665,4492.00,4492.00,181
1609459212211822,4492.00,4492.00,2
1609459212221290,4491.50,4492.50,24
1609459212224137,4492.00,4492.00,8
1609459212227922,4491.50,4492.00,35
1609459212237375,4491.50,4492.50,49
1609459212241639,4492.00,4492.50,19
1609459212243167,4492.00,4492.00,49
1609459212252888,4491.50,4492.00,39
1609459212254179,4491.50,4492.00,66
1609459212261613,4491.50,4492.00,10
1609459212265247,4491.25,4491.75,14
1609459212271442,4491.50,4492.00,16
1609459212273798,4491.50,4492.00,43
1609459212275493,4491.00,4492.00,6
1609459212277817,4491.00,4491.50,4
1609459212285915,4491.00,4492.00,11
1609459212287565,4491.50,4491.50,3
1609459212288816,4491.00,4491.50,110
1609459212296204,4491.50,4491.50,1
1609459212299132,4491.25,4491.75,96
1609459212301053,4491.25,4492.25,33
1609459212310884,4491.50,4492.00,67
1609459212312877,4491.50,4491.50,1
1609459212321262,4491.50,4492.00,22
1609459212324817,4491.50,4491.50,4
1609459212326891,4491.00,4491.50,153
1609459212332602,4491.25,4491.75,31
1609459212340726,4491.00,4492.00,127
1609459212344824,4491.00,4491.50,109
1609459212349430,4491.50,4491.50,78
1609459212359057,4491.25,4491.75,153
1609459212367050,4491.50,4491.50,45
1609459212371502,4491.50,4492.00,46
1609459212378536,4491.50,4491.50,114
1609459212379589,4491.00,4492.00,158
1609459212383736,4491.50,4491.50,87
1609459212392428,4491.50,4491.50,9
1609459212397715,4491.50,4491.50,14
1609459212401241,4491.50,4491.50,75
1609459212403245,4491.00,4491.50,63
1609459212406748,4491.00,4491.50,114
1609459212415950,4491.00,4491.00,11
1609459212419513,4490.50,4491.00,46
1609459212420739,4490.50,4491.00,57
1609459212427870,4490.50,4491.00,10
1609459212435963,4490.25,4491.25,27
1609459212437997,4490.50,4491.00,44
1609459212441871,4490.50,4491.00,51
1609459212451305,4490.50,4491.50,16
1609459212457905,4490.50,4491.00,37
1609459212463433,4490.50,4491.00,4
1609459212470234,4491.00,4491.00,70
1609459212476794,4490.50,4491.00,34
1609459212477566,4490.50,4491.00,30
1609459212479556,4490.50,4491.50,5
1609459212483227,4490.50,4491.00,5
1609459212488517,4490.75,4491.25,12
1609459212489960,4490.50,4491.00,23
1609459212498768,4490.50,4491.50,101
1609459212503023,4491.00,4491.50,2
1609459212508009,4491.00,4491.00,47
1609459212514228,4490.50,4491.00,7
1609459212521777,4490.50,4490.50,8
1609459212531348,4490.25,4491.25,26
1609459212538669,4490.50,4491.00,13
1609459212546500,4490.25,4491.25,19
1609459212554409,4490.50,4490.50,17
1609459212555766,4490.00,4491.00,13
1609459212559140,4490.50,4490.50,34
1609459212562622,4490.00,4490.50,85
1609459212565701,4490.00,4490.50,84
1609459212574346,4490.00,4490.50,144
1609459212581785,4490.00,4490.50,5
1609459212583916,4490.00,4490.00,184
1609459212592329,4489.50,4490.00,3
1609459212599261,4489.50,4489.50,101
1609459212600934,4489.00,4489.50,68
1609459212604876,4489.00,4489.00,15
1609459212612679,4489.00,4489.00,15
1609459212621696,4488.50,4489.00,8
1609459212629924,4488.50,4489.00,29
1609459212635983,4488.25,4488.75,65
1609459212642907,4488.00,4488.50,9
1609459212647428,4488.00,4488.50,28
1609459212648246,4487.75,4488.75,12
1609459212649117,4488.25,4488.75,13
1609459212657836,4488.00,4488.50,48
1609459212664465,4488.00,4488.50,66
1609459212668861,4488.00,4488.50,11
1609459212673580,4488.50,4488.50,1
1609459212676613,4488.25,4488.75,32
1609459212681616,4488.50,4489.00,9
1609459212682754,4488.50,4488.50,30
1609459212682963,4488.50,4488.50,1
1609459212687286,4488.50,4489.00,71
1609459212687446,4488.25,4489.25,43
1609459212695447,4489.00,4489.00,2
1609459212695732,4488.50,4489.50,90
1609459212704339,4488.75,4489.25,74
1609459212705978,4488.75,4489.25,30
1609459212711726,4489.00,4489.50,33
1609459212717695,4489.00,4489.50,17
1609459212723163,4489.25,4489.75,97
1609459212732924,4489.50,4489.50,36
1609459212733264,4489.00,4489.50,12
1609459212735585,4489.00,4489.50,43
1609459212742642,4489.00,4489.50,10
1609459212748832,4488.75,4489.75,104
1609459212757760,4489.50,4489.50,158
1609459212766393,4489.00,4489.50,21
1609459212771820,4489.00,4489.50,255
1609459212776888,4488.75,4489.25,60
1609459212778903,4489.00,4489.00,172
1609459212784589,4488.25,4489.25,34
1609459212787000,4488.50,4489.00,170
1609459212796145,4488.50,4489.00,17
1609459212800974,4488.50,4488.50,16
1609459212810691,4488.00,4488.50,1
1609459212816463,4488.00,4488.50,14
1609459212822201,4488.25,4488.75,34
1609459212831389,4488.00,4488.50,15
1609459212834613,4488.00,4488.50,17
1609459212835140,4488.00,4488.50,83
1609459212841469,4487.75,4488.75,5
1609459212845750,4488.25,4488.75,9
1609459212852891,4488.50,4488.50,43
1609459212856160,4488.00,4488.50,11
1609459212861158,4487.75,4488.25,49
1609459212870101,4487.50,4488.00,89
1609459212871675,4487.50,4487.50,18
1609459212877534,4487.50,4487.50,27
1609459212884256,4487.00,4488.00,1
1609459212891153,4487.50,4487.50,118
1609459212895129,4487.50,4487.50,48
1609459212904396,4487.50,4488.00,93
1609459212906460,4487.50,4488.00,82
1609459212914948,4487.50,4488.00,2
1609459212916702,4487.50,4488.00,17
1609459212924591,4487.50,4488.00,6
1609459212934170,4487.50,4488.00,2
1609459212937530,4487.50,4488.00,170
1609459212939765,4487.25,4487.75,95
1609459212944695,4487.25,4487.75,137
1609459212952641,4487.50,4487.50,3
1609459212955149,4487.50,4487.50,5
1609459212958497,4487.50,4487.50,35
1609459212964899,4487.50,4487.50,25
1609459212967915,4487.50,4488.00,39
1609459212975110,4487.75,4488.25,28
1609459212975465,4487.50,4488.00,53
1609459212978263,4487.50,4488.00,11
1609459212986135,4487.25,4487.75,159
1609459212994212,4487.50,4487.50,24
1609459212995971,4487.00,4488.00,8
1609459213000615,4487.25,4487.75,1
1609459213005576,4487.25,4487.75,53
1609459213012859,4487.00,4488.00,164
1609459213020526,4487.50,4488.00,1
1609459213023120,4487.50,4488.00,34
1609459213028836,4487.75,4488.25,35
1609459213031695,4488.00,4488.00,63
1609459213037254,4487.50,4488.50,7
1609459213042218,4488.00,4488.50,91
1609459213050144,4488.00,4488.50,53
1609459213059582,4488.25,4488.75,53
1609459213063830,4488.00,4488.50,155
1609459213069534,4488.00,4488.50,3
1609459213070018,4488.50,4488.50,5
1609459213071759,4488.25,4488.75,19
1609459213075553,4488.50,4489.00,65
1609459213079430,4488.00,4489.00,65
1609459213085723,4488.50,4489.00,3
1609459213089827,4488.00,4489.00,3
1609459213095960,4488.00,4489.00,128
1609459213101222,4488.00,4488.50,7
1609459213110623,4488.00,4488.50,33
1609459213115311,4487.75,4488.25,28
1609459213123971,4488.00,4488.50,43
1609459213125548,4487.50,4488.50,111
1609459213131440,4488.00,4488.50,99
1609459213137023,4487.75,4488.25,120
1609459213145677,4487.50,4488.50,42
1609459213153439,4488.00,4488.00,115
1609459213155698,4488.00,4488.50,49
1609459213156860,4488.00,4488.50,36
1609459213158514,4488.00,4488.00,46
1609459213163936,4487.50,4488.00,17
1609459213168055,4487.50,4488.00,102
1609459213170642,4488.00,4488.00,42
1609459213179125,4488.00,4488.50,25
1609459213180054,4488.00,4488.50,43
1609459213184364,4488.00,4488.50,27
1609459213187650,4488.00,4488.50,7
1609459213196614,4488.50,4488.50,70
1609459213197636,4488.00,4488.50,147
1609459213207631,4488.25,4488.75,1
1609459213208791,4488.50,4489.00,47
1609459213210112,4489.00,4489.00,6
1609459213210796,4488.50,4489.00,12
1609459213216535,4488.50,4489.00,94
1609459213220267,4488.50,4488.50,74
1609459213223482,4488.00,4489.00,57
1609459213223779,4488.50,4488.50,72
1609459213225831,4488.50,4488.50,7
1609459213233007,4488.00,4488.50,116
1609459213238771,4488.00,4488.00,2
1609459213242573,4487.50,4488.00,26
1609459213251359,4487.25,4488.25,1
1609459213255454,4488.00,4488.00,6
1609459213258413,4487.50,4488.00,46
1609459213262415,4488.00,4488.00,25
1609459213264421,4488.00,4488.00,139
1609459213267794,4487.75,4488.25,22
1609459213271404,4488.00,4488.00,22
1609459213280439,4487.50,4488.00,37
1609459213284823,4487.50,4488.00,5
1609459213290503,4487.75,4488.25,48
1609459213295087,4487.50,4488.00,92
1609459213303623,4487.25,4487.75,11
1609459213309725,4487.50,4488.00,1
1609459213313577,4487.50,4488.00,30
1609459213315449,4487.00,4488.00,15
1609459213325087,4487.00,4488.00,4
1609459213329660,4487.50,4488.00,1
1609459213335929,4487.50,4488.00,11
1609459213338951,4487.50,4488.00,53
1609459213339464,4487.50,4488.00,1
1609459213349438,4488.00,4488.00,88
1609459213353740,4488.00,4488.50,70
1609459213359327,4488.25,4488.75,100
1609459213360263,4488.50,4489.00,152
1609459213364973,4488.50,4489.50,31
1609459213374355,4489.00,4489.50,15
1609459213380603,4488.75,4489.75,13
1609459213380852,4488.75,4489.25,16
1609459213384947,4489.00,4489.50,42
1609459213385580,4489.00,4489.50,53
1609459213395542,4489.00,4489.00,54
1609459213399876,4489.00,4489.50,1
1609459213400022,4488.75,4489.75,32
1609459213409142,4489.00,4489.00,139
1609459213413672,4489.00,4489.50,153
1609459213420889,4488.75,4489.25,16
1609459213428998,4488.50,4489.00,7
1609459213429811,4488.25,4488.75,10
1609459213438114,4488.50,4489.00,2
1609459213441849,4488.25,4488.75,14
1609459213446067,4488.00,4488.50,94
1609459213454922,4488.25,4488.75,21
1609459213456192,4488.50,4488.50,4
1609459213459536,4488.50,4488.50,86
1609459213466352,4488.00,4488.50,16
1609459213466757,4488.00,4488.50,20
1609459213473444,4488.50,4488.50,142
1609459213478262,4488.50,4488.50,2
1609459213480721,4488.50,4489.00,46
1609459213485851,4488.50,4489.00,35
1609459213495379,4488.50,4489.50,23
1609459213504926,4488.50,4489.00,23
1609459213506212,4488.50,4489.50,243
1609459213515476,4488.75,4489.25,39
1609459213522326,4489.00,4489.00,105
1609459213523169,4488.75,4489.25,36
1609459213528362,4488.50,4489.00,17
1609459213532361,4488.50,4489.00,189
1609459213536144,4488.50,4489.00,6
1609459213540094,4488.25,4489.25,26
1609459213541400,4488.50,4489.00,123
1609459213549333,4488.50,4489.00,27
1609459213558662,4488.50,4489.50,129
1609459213562676,4489.00,4489.50,43
1609459213564940,4489.00,4489.50,20
1609459213566873,4489.00,4489.00,204
1609459213576311,4488.50,4489.50,11
1609459213579259,4489.00,4489.50,6
1609459213583575,4489.25,4489.75,31
1609459213585230,4489.00,4489.50,28
1609459213587966,4489.50,4489.50,100
1609459213594325,4489.50,4490.00,25
1609459213603450,4489.50,4489.50,20
1609459213608966,4489.25,4489.75,256
1609459213609708,4489.00,4489.50,149
1609459213616408,4489.00,4489.50,28
1609459213624225,4489.25,4489.75,64
1609459213633885,4489.50,4490.00,4
1609459213634013,4489.50,4490.00,52
1609459213640229,4489.50,4490.00,64
1609459213644806,4490.00,4490.00,17
1609459213650395,4489.50,4490.00,37
1609459213658722,4490.00,4490.00,19
1609459213663942,4489.75,4490.75,2
1609459213667394,4490.00,4490.50,105
1609459213672545,4490.00,4490.00,6
1609459213677032,4490.00,4490.00,9
1609459213681283,4490.00,4490.50,129
1609459213685849,4490.00,4490.00,91
1609459213688616,4489.50,4490.00,160
1609459213697461,4489.50,4490.00,33
1609459213697884,4489.50,4490.00,147
1609459213704872,4489.75,4490.25,88
1609459213709705,4490.00,4490.50,125
1609459213711671,4490.00,4490.50,15
1609459213713913,4490.25,4490.75,6
1609459213719709,4490.50,4491.00,12
1609459213720928,4490.50,4491.00,16
1609459213729331,4490.50,4491.00,58
1609459213729960,4490.50,4491.00,79
1609459213735163,4490.25,4490.75,90
1609459213735747,4490.50,4491.00,14
1609459213745354,4490.50,4491.00,55
1609459213749701,4490.50,4491.00,10
1609459213757840,4490.50,4490.50,104
1609459213766300,4490.50,4491.00,1
1609459213767403,4490.50,4491.00,61
1609459213768039,4490.50,4491.00,23
1609459213777606,4490.50,4490.50,37
1609459213780557,4490.50,4491.00,103
1609459213788505,4490.50,4491.00,45
1609459213797409,4490.50,4491.00,5
1609459213802116,4490.50,4491.00,14
1609459213809077,4490.50,4490.50,19
1609459213810938,4490.50,4490.50,6
1609459213818864,4490.50,4491.00,45
1609459213822712,4490.50,4490.50,12
1609459213829414,4490.00,4490.50,15
1609459213834618,4490.00,4490.50,27
1609459213838890,4490.50,4490.50,65
1609459213844458,4490.50,4490.50,29
1609459213848084,4490.50,4490.50,11
1609459213849892,4490.50,4491.00,20
1609459213859804,4490.25,4491.25,1
1609459213866017,4490.25,4490.75,121
1609459213875076,4490.00,4490.50,11
1609459213883850,4490.00,4490.00,38
1609459213887608,4489.50,4490.00,23
1609459213894382,4489.25,4489.75,140
1609459213894974,4489.50,4490.00,37
1609459213903191,4489.50,4490.00,8
1609459213908131,4489.25,4489.75,58
1609459213908685,4489.00,4489.50,76
1609459213915251,4488.75,4489.25,15
1609459213916643,4488.50,4489.00,60
1609459213923449,4488.25,4488.75,39
1609459213925937,4488.00,4488.50,24
1609459213935861,4488.25,4488.75,27
1609459213936245,4488.50,4488.50,5
1609459213945686,4488.50,4488.50,4
1609459213952344,4488.50,4488.50,119
1609459213961081,4488.50,4488.50,249
1609459213967531,4488.50,4489.00,62
1609459213974941,4488.00,4489.00,25
1609459213978744,4488.50,4488.50,5
1609459213983834,4488.00,4489.00,186
1609459213985397,4488.50,4488.50,142
1609459213995120,4488.00,4488.50,47
1609459214002879,4488.00,4488.50,71
1609459214003845,4488.50,4488.50,18
1609459214009381,4488.50,4489.00,58
1609459214019191,4488.50,4489.00,58
1609459214028406,4488.75,4489.25,18
1609459214032269,4488.75,4489.25,36
1609459214033604,4489.00,4489.50,4
1609459214035690,4489.50,4489.50,68
1609459214038413,4489.00,4489.50,6
1609459214045363,4489.00,4489.50,37
